3074 4598
240 488 285 555 52
604 487 887 544 afflaaaaaams

134 660 244 719 XHPS
259 656 424 748 μελῳδίας
437 653 632 719 ἀποδίδωσι.
664 650 749 719 ἀλλὰ
767 654 833 739 μὴν
850 649 906 718 καί
924 650 962 717 ἐν
973 649 1105 740 Ἀροίρει
1119 661 1261 741 ποταμῷ

240 771 299 849 τῆς
326 766 497 845 Κελτικῆς,
526 764 657 844 μᾶλλον
684 755 722 826 δὲ
749 760 928 848 <Αίσοίρφ>
955 761 1150 846 Συβάρεως,
1182 782 1261 844 γεν-

241 879 339 937 νᾶται
363 868 476 955 ἰχθύς,
503 868 646 932 κλοπίαν
669 863 706 933 δὲ
730 868 833 933 αὐτὸν
857 867 897 933 οί
913 864 1082 952 ἐπιχώριοι
1108 873 1258 934 καλοῦσι.

239 987 363 1043 τοῦτον
380 973 538 1057 λέγουσιν
560 971 787 1059 αὐξανομένης
808 969 871 1058 μὲν
893 980 951 1056 τής
974 977 1109 1059 σελήνης
1127 977 1259 1041 λευκαί-

213 1089 376 1164 ενεσθαι,
403 1082 621 1164 μελαίνεσθαι
650 1077 688 1146 δὲ
715 1075 817 1156 αὖθις
843 1078 1039 1163 μειουμένης
1064 1089 1124 1147 τοῦ
1147 1082 1258 1167 φωτὸς

172 1196 226 1251 ΗΡ
241 1187 351 1272 αὐτῆς.
402 1189 526 1273 ίστορεῑ
556 1183 594 1251 δὲ
620 1196 720 1253 τοῦτο
748 1184 982 1268 Καλλισθένης
1008 1187 1026 1253 ὁ
1057 1191 1256 1275 Συβαρίτης.

240 1293 325 1362 ἀλλὰ
347 1291 402 1360 καὶ
421 1291 596 1379 Ἀρχέλαός
618 1311 702 1377 φησι
728 1295 770 1359 τὰ
796 1303 864 1358 τῶν
890 1303 985 1377 μνῶν
1006 1293 1112 1376 ήπατα
1134 1296 1258 1380 λοβοὺς

129 1401 131 1404 ’
239 1404 330 1487 ἔχειν
347 1402 591 1483 πεντεκαίδεκα,
611 1399 734 1477 οἵτινες
752 1399 815 1467 οὐκ
832 1397 956 1485 ἀθρόοι
972 1399 1091 1478 πάντες
1105 1399 1256 1486 ἐγγίνον-

239 1532 310 1594 ται,
342 1507 414 1575 ἀλλ’
446 1504 582 1583 ἕκαστος
614 1506 692 1573 καθ’
720 1506 847 1593 ἡμέραν
879 1507 1077 1591 σεληνιακήν
1107 1498 1155 1584 είς
1187 1506 1257 1572 έπε-

135 1629 137 1634 ’
200 1637 226 1676 ιο
239 1619 416 1702 γινόμενος
439 1613 472 1692 ἐξ
492 1613 554 1679 οὐκ
573 1615 669 1689 ὄντος
687 1618 904 1699 προστίθεται
923 1612 987 1679 ἀπὸ
1004 1619 1062 1695 τής
1078 1617 1256 1698 νεομηνίας

238 1720 336 1809 μέχρι
358 1731 416 1805 τής
436 1721 662 1804 πανσελήνου,
690 1719 793 1786 πάλιν
816 1715 853 1784 δὲ
877 1719 941 1785 ίιπὸ
969 1728 1026 1804 τῆς
1047 1721 1256 1804 πανσελήνου

238 1820 287 1904 εἷς
305 1825 356 1913 ἐφ’
385 1825 435 1893 ἑνί
457 1823 536 1892 καθ’
569 1824 696 1912 ἡμέραν
723 1828 860 1911 φθίνων
889 1827 987 1910 λοβὸς
1013 1827 1133 1904 πάντες
1159 1825 1255 1913 μέχρι

236 1943 296 2019 τῆς
318 1937 496 2020 νεομηνίας
524 1933 723 2001 ἐκλείπουσι.
769 1931 825 2000 καὶ
856 1929 958 2011 αὐθις
990 1932 1023 2014 έξ
1049 1933 1175 2019 ἐκείνης
1196 1935 1255 2020 ἄρ-

309 2147 334 2184 v.
350 2134 366 2183 7
384 2126 553 2184 Archelaus:
572 2127 606 2184 fr.
622 2130 656 2181 10
674 2127 873 2184 Westermann
892 2127 1081 2199 Paradoxogr.
1134 2169 1140 2182 .
1158 2146 1189 2198 p.·
1202 2134 1255 2183 160

238 2198 406 2255 Callistheni
437 2197 588 2271 Sybaritae
625 2197 655 2254 ἐν
692 2198 733 2270 ιγ’
768 2202 930 2255 Γαλατικῶν
964 2199 1036 2252 haee
1070 2214 1086 2253 e
1124 2214 1169 2253 em
1203 2199 1255 2254 ari-

237 2270 302 2327 buit
323 2272 368 2326 Ρε,
387 2270 461 2326 Plut.
486 2271 521 2324 de
545 2268 638 2324 fluviis
661 2287 684 2325 c.
705 2275 766 2339 6,ss
875 2269 977 2338 7Lya
1000 2269 1036 2323 da
1058 2271 1109 2324 οελ
1131 2286 1159 2339 p.
1176 2275 1253 2338 16,1

236 2341 394 2399 Wachana:
413 2342 431 2412 ή
450 2340 482 2397 δὲ
500 2338 666 2411 ἡλιότροπος
683 2338 840 2411 καλουμένη
859 2338 965 2412 βοτάνη
983 2339 1053 2407 πρὸς
1069 2338 1120 2408 τὴν
1133 2338 1253 2409 ἡλιακὴν

237 2411 454 2484 μεταστρέφεται
477 2410 586 2483 φοροίν,
609 2408 753 2483 ἀνίσχοντι
776 2412 850 2484 αὐτῷ
873 2411 921 2466 καί
945 2407 1069 2480 ὃνομένω
1091 2427 1125 2465 συ
1194 2431 1254 2466 ατι-
1284 2420 1289 2429 “

236 2489 323 2540 θεῖσα
341 2485 373 2539 τὸ
392 2493 491 2556 σχῆμα.
528 2485 593 2552 περὶ
616 2481 669 2554 γὰρ
692 2492 749 2538 τῶν
772 2479 890 2538 ἐναλίαν
907 2483 1027 2550 τούτων,
1049 2466 1112 2549 ὐοτρ
1127 2502 1167 2539 ων
1184 2480 1215 2537 λέ
1232 2505 1254 2538 οε

237 2557 287 2610 καί
305 2565 400 2627 χημῶν
419 2555 467 2610 καί
485 2564 591 2609 κτενῶν
609 2554 657 2608 καί
676 2563 732 2608 τῶν
750 2553 848 2621 ἄλλων,
872 2554 966 2617 οὐδεὶς
983 2551 1192 2625 ἀμφισβητήσει,
1210 2504 1254 2609 ἔτι

237 2626 353 2692 αὔξεται
370 2627 419 2681 καλ
438 2623 594 2695 συμφθίνει
611 2632 674 2687 ταῖς
692 2627 870 2696 σεληνιακαῑς
888 2623 1013 2694 φοίσεσιν,
1032 2625 1069 2688 ὡς
1085 2625 1134 2679 καί
1147 2624 1182 2679 τὰ
1196 2633 1252 2681 τῶν

237 2707 316 2766 μνῶν
339 2695 433 2765 ἥπατα
456 2697 503 2750 καλ
527 2697 641 2749 πλεῖστα
663 2692 757 2763 ἕτερα,
779 2695 843 2763 περὶ
867 2691 907 2750 ὧν
929 2694 961 2751 ἐν
982 2704 1041 2758 τοῖς
1062 2696 1126 2762 περὶ
1143 2700 1254 2766 Μηνῶν

237 2776 386 2837 γραφεῖσιν
404 2767 472 2836 ἡμῖν
491 2765 663 2838 θιελοίβομεν.

309 2961 334 2998 v.
350 2948 365 2996 1
385 2942 514 2997 ἀποτελεῖ
531 2941 577 3013 Pp
599 2940 705 3010 αίοίρα
723 2950 838 3010 ποταμῶ
857 2941 903 3011 ΡΙ
923 2939 1103 3011 καλλιοθένης
1120 2940 1153 2996 δὲ
1171 2940 1187 2996 ὁ
1205 2960 1253 2998 συ-

238 3011 355 3086 βαρίτης
377 3013 481 3081 ἱστορεῖ
503 3009 546 3067 ὅτι
570 3012 600 3068 έν
621 3016 658 3066 τῶ
681 3010 774 3081 ὐροίρη
793 3017 907 3081 ποταμῶ
926 3020 975 3082 τῆς
992 3015 1114 3082 κελτικής
1131 3010 1252 3069 τίκτεται

238 3085 324 3156 ίχθύς
341 3088 396 3140 κτλ.
410 3084 439 3152 S,
461 3083 510 3138 καί
529 3082 560 3138 ἐν
573 3081 672 3152 ἄρα’ρει
691 3081 724 3137 δὲ
741 3093 779 3138 τῶ
797 3087 913 3153 ποταμοί
930 3091 979 3153 της
996 3086 1119 3153 κελτινῆς
1131 3081 1253 3140 τίκτεται

238 3156 332 3226 ίχθύς,
355 3153 481 3210 κλωπίαν
499 3151 629 3224 (κλοπίαν
648 3155 693 3224 Χ)
717 3154 804 3209 αὐτὸν
827 3153 854 3208 ολ
877 3154 1019 3225 ἐπιχώριοι
1041 3153 1188 3226 (ἐγχωρίοις
1206 3157 1252 3226 H)

116 3226 119 3233 ’
238 3230 381 3296 καλοῦσιν,
395 3225 426 3289 ὃς
440 3223 595 3295 αὐξομένης
608 3234 656 3296 τῆς
670 3223 785 3294 σελήνης
799 3225 868 3280 ΧΗ
869 3225 892 3281 S
957 3225 1138 3299 2<Λίσιίρφ>
1153 3226 1253 3282 addidi

238 3303 255 3352 8
271 3297 443 3366 καλούμενος
455 3294 573 3359 κλοπίας
586 3297 615 3351 Ρ
683 3302 699 3351 5
714 3296 810 3360 λευκὸς
824 3294 939 3367 γίνεται,
954 3294 1115 3366 μειουμένης
1128 3296 1170 3368 (δὲ
1183 3297 1220 3352 H

237 3366 398 3438 μελαίνεται
411 3367 510 3436 XHS,
529 3365 639 3436 reliqua
652 3366 736 3421 huius
750 3366 922 3439 paragraphi
936 3366 1037 3422 desunt
1050 3367 1116 3434 XS,
1135 3370 1206 3493 φασί
1220 3371 1238 3424 ὃ

237 3441 287 3495 καὶ
306 3437 341 3494 τὰ
359 3448 415 3494 τῶν
434 3447 511 3507 μυῶν
530 3435 624 3506 ήπατα
636 3438 743 3510 ’λοβούς
761 3437 833 3509 ἔχειν
851 3436 1059 3508 πεντεκαίδεκα,
1077 3434 1117 3494 ὧν
1148 3457 1251 3495 καστον

238 3507 309 3564 καθ’
336 3507 443 3580 ἡμέραν
466 3508 603 3574 αὔξεσθαι
626 3510 677 3564 σὺν
699 3516 733 3578 τῇ
756 3518 805 3580 της
828 3509 942 3578 σελήνης
963 3509 1088 3578 αὐξήσει,
1111 3509 1197 3567 πάλιν
1219 3509 1251 3566 δὲ

238 3581 295 3636 ἀπὸ
314 3578 490 3648 πανσελήνου
508 3577 578 3633 καθ’
599 3576 706 3649 ἡμέραν
725 3577 776 3634 ἕνα
793 3581 877 3652 λοβὸν
896 3578 1012 3649 φθίνειν
1030 3577 1108 3671 μέηρι
1124 3589 1174 3651 της
1190 3599 1250 3637 νεο-

238 3649 353 3722 μηνίας,
378 3648 455 3713 τίλος
472 3647 503 3705 θλ
522 3647 631 3713 πάντας
648 3648 850 3720 ἀφανίζεσθαι,
871 3652 919 3706 καλ
938 3649 1009 3706 οὕτω
1026 3655 1110 3706 παλιν
1127 3652 1184 3707 ἀπὸ
1202 3660 1252 3722 τῆς

238 3720 390 3793 νεομηνίας
408 3720 553 3787 αὐξεσθαι.
590 3720 625 3775 τὰ
643 3720 715 3775 αὐτὰ
734 3721 767 3777 δέ
789 3739 876 3792 φασιν
899 3723 947 3777 καί
964 3722 999 3776 τὰ
1016 3733 1072 3779 τῶν
1089 3721 1250 3780 θαλασσίων

239 3790 340 3863 ἐχίνων
359 3792 399 3848 a&
418 3788 536 3863 πάσχειν
554 3794 591 3864 (p.
607 3797 675 3860 6θώ
700 3793 737 3847 H
739 3816 746 3861 ς
765 3793 869 3848 similes
888 3792 971 3850 huius
990 3793 1160 3865 paragraphi
1176 3798 1250 3850 aaa

239 3865 317 3919 λείοε
327 3862 462 3919 exhibeat
471 3862 581 3919 codiee·
597 3879 677 3935 comp
689 3880 762 3934 urea,
776 3866 811 3921 de
826 3865 928 3936 quibus
942 3864 1037 3921 videas
1045 3864 1251 3936 praefationem
