3074 4598
293 487 357 552 156
538 461 654 544 ιωειι.
667 487 843 554 QUARTUS.
871 486 1061 545 Ausussos

250 650 470 730 1Ἰουλιανὸς
497 653 562 719 ὑπὸ
591 662 652 718 τοῦ
675 655 843 737 Λιβανίου
862 651 919 720 καί
943 655 1051 720 ἀλλων
1071 656 1213 719 πολλῶν
1234 656 1323 720 οἰω-

292 763 467 826 νοσκόπων
490 759 619 843 λέγεται
642 757 854 844 φθέγξασθαι
875 763 914 828 τὸ
934 761 1119 848 Ὁμηρικόν·

381 900 533 986 αἰδέομαι
560 905 675 988 Τρῶας
696 901 752 968 καὶ
778 904 937 992 Τρωάδας
961 900 1221 980 ἑλκεσιπέπλους.

265 1043 490 1130 ,ὑπερβαλὼν
521 1039 559 1109 δὲ
590 1045 652 1110 τὸν
687 1049 831 1132 Τίγρητα
862 1044 920 1111 καὶ
951 1047 1073 1124 πολλὰς
1104 1047 1220 1122 πόλεις
1250 1043 1310 1111 καὶ

264 1151 438 1236 ιφρούρια
456 1155 600 1239 Περσῶν
622 1153 916 1239 παραστησάμενος
938 1153 976 1218 τὸ
998 1154 1116 1220 λοιπὸν
1138 1151 1311 1239 ἀφόρητος

289 1251 333 1340 ην
354 1267 424 1335 τοῖς
447 1260 642 1347 βαρβάροις·
665 1259 754 1348 δόλφ
777 1255 814 1325 δὲ
837 1257 926 1343 ὅμως
949 1257 1128 1325 ἀπόλλυται
1145 1258 1203 1326 καὶ
1219 1283 1308 1346 παμ-

289 1368 422 1448 πληθεί.
472 1367 535 1434 δύο
562 1368 627 1454 γάρ
654 1364 798 1453 Πέρσαι,
830 1364 1134 1452 ἀκρωτηριάσαντες
1165 1363 1311 1446 ἑαυτοὺς

290 1471 384 1537 ὤτων
413 1496 449 1539 τε
474 1472 531 1538 καλ
553 1475 746 1558 μυκτήρων,
778 1471 937 1549 ἐλθόντες
964 1470 1109 1537 ἀπατῶσι
1136 1471 1197 1536 τὸν
1220 1470 1307 1539 Ἰου-

290 1581 418 1664 λιανόν,
445 1589 582 1646 τοιαῦτα
604 1579 688 1663 πρὸς
710 1587 771 1644 τοῦ
793 1576 956 1663 βασιλέως
976 1583 1098 1644 παθεῖν
1124 1587 1193 1642 τῶν
1215 1582 1307 1666 Περ-

249 1709 276 1750 ιο
290 1696 360 1750 σῶν
382 1686 593 1771 ὀδυρόμενοι,
617 1683 785 1748 δύνασθαι
809 1679 846 1748 δὲ
869 1683 969 1769 ὅμως,
990 1690 1080 1769 είπερ
1098 1682 1212 1762 αὐτοῖς
1229 1683 1307 1763 ἐυε-

289 1816 343 1856 ται
366 1789 598 1873 ὀἸουλιανός,
622 1786 672 1855 ἐπ’
695 1787 796 1873 αὐτῆς
818 1788 924 1855 αὐτὸν
947 1792 1104 1877 Γοργοῦς,
1128 1798 1187 1875 τῆς
1209 1793 1306 1875 βασι-

289 1898 383 1974 λίδος
411 1909 480 1962 τῶν
508 1901 668 1982 Περσῶν,
699 1906 844 1961 νικῶντα
872 1906 1079 1983 καταστῆσαι.
1128 1896 1147 1963 δ
1177 1893 1216 1963 δὲ
1245 1907 1306 1983 της

288 2001 506 2090 πεπρωμένης
529 2002 724 2087 ἐπειγούσης
748 2003 916 2089 Ζωπύρου
938 2027 973 2070 τε
997 2005 1062 2090 ἅμα
1083 2012 1143 2070 τοῦ
1162 2002 1306 2092 Ἡροδο-

289 2112 382 2175 τείου
414 2108 470 2175 καί
501 2113 655 2188 Σίνωνος
692 2119 753 2176 τοῦ
784 2115 1009 2198 Βεργιλιανοῦ
1040 2109 1307 2197 ἐπιλελησμένος,

248 2241 275 2284 ιι
289 2217 347 2293 τὰς
376 2226 460 2294 ναῦς
486 2215 705 2302 καταφλέξας,
733 2215 776 2283 δι’
799 2212 848 2283 ὧν
874 2218 936 2284 τὸν
957 2219 1138 2304 Εὐφράτην
1159 2216 1306 2304 παρεφέ

289 2347 379 2410 ρετο,
407 2325 453 2402 ὡς
479 2324 523 2411 μὴ
547 2325 722 2407 δήπουθεν
743 2322 890 2409 Πέρσαις
918 2325 1077 2408 <δοῦυαι>
1102 2325 1218 2390 άδειαν
1241 2334 1305 2391 τοῦ

287 2433 477 2515 χρήσασθαι
504 2431 635 2515 αὐταῖς,
667 2434 804 2515 μετρίαν
830 2432 908 2495 τινδι
935 2432 1084 2515 δαπάνην
1110 2434 1304 2517 κομίζοντος

288 2546 349 2602 τοῦ
377 2547 535 2622 στρατοῦ,
565 2548 635 2614 τοῖς
663 2535 832 2602 ἀπατῶσιν
858 2535 1099 2622 ἠκολούθησεν·
1129 2539 1161 2603 οἱ
1189 2533 1226 2604 δέ
1253 2540 1303 2616 εἰς

288 2641 392 2730 ξηράν
420 2642 476 2708 καί
506 2644 656 2727 ἀνυδρου
685 2642 864 2725 ἀγαγόντες
895 2644 997 2709 αὐτὸν
1024 2645 1213 2730 δυσχωρίαν
1241 2646 1304 2711 τὸν

247 2775 274 2815 εο
289 2750 392 2814 δόλον
405 2748 633 2832 ἀπεκάλυψαν,
647 2746 703 2812 καὶ
718 2747 812 2814 αύτοὶ
825 2747 889 2833 μέν
899 2786 942 2795 -
952 2753 987 2814 τί
996 2751 1057 2834 γάρ
1071 2745 1114 2833 ἧν
1126 2749 1241 2830 πλέον;
1256 2789 1300 2799 -

287 2853 471 2937 ἀπώλοντο,
490 2854 509 2920 ὁ
528 2849 566 2918 δὲ
582 2855 739 2938 βασιλεὺς
757 2850 836 2919 οὐδὲ
854 2860 1034 2940 προελθεῖν
1052 2854 1201 2921 ἐπέκεινα
1215 2839 1300 2923 οὐδὲ

286 2958 491 3045 ἀναστρέψαι
520 2960 557 3025 τὸ
588 2960 708 3024 λοιπὸν
737 2959 916 3044 εὑρίσκων,
950 2962 1085 3046 οἰκτρῶς
1115 2960 1301 3049 ἐφθείρετο.
1347 3021 1351 3038 1

286 3067 331 3144 ὡς
344 3062 382 3132 δὲ
395 3067 433 3132 τὸ
446 3068 534 3132 πολὺ
552 3064 653 3152 μέρος
670 3074 728 3150 τῆς
746 3076 901 3152 στρατιᾶς
920 3066 1078 3151 διέπεσεν,
1096 3067 1301 3136 ἀσθενοῦντι
1344 3053 1347 3064 ¹

286 3171 376 3261 αὐτῷ
399 3172 550 3256 ἐπῆλθον
573 3173 606 3237 οἱ
629 3169 769 3258 Πέρσαι,
792 3171 1033 3251 ἐλαττωθέντες
1054 3170 1092 3239 δέ
1113 3172 1169 3239 καὶ
1192 3175 1302 3255 οὕτως

244 3305 271 3347 ιι
286 3274 388 3358 αὖθις
411 3278 617 3345 ἐπιτίθενται
640 3274 724 3365 μηδὲ
746 3280 807 3345 δύο
830 3280 995 3364 μυριάδας
1018 3283 1127 3366 ἔχοντι
1150 3289 1196 3369 τῷ
1217 3280 1302 3369 πρὶν

356 3507 462 3563 vsu.
482 3507 502 3562 Z
521 3513 573 3562 442
644 3512 677 3560 13
695 3505 796 3562 Herod.
816 3506 855 3561 HI
875 3513 928 3562 154
991 3513 1023 3563 14
1041 3507 1302 3580 Verg.Asn.H79

355 3739 380 3776 v,
396 3726 411 3775 9
430 3731 532 3789 πορεῖν
555 3722 583 3775 A
657 3725 690 3774 10
710 3720 852 3776 δύνασθαι
876 3719 1041 3792 ὀδυρόμενοι
1058 3723 1098 3791 Α,
1121 3723 1303 3792 transposuit

283 3792 322 3865 A,
341 3793 345 3863 Ι
361 3790 393 3846 δὲ
412 3792 491 3848 omis.
510 3795 538 3848 A
612 3798 644 3847 16
665 3792 810 3918 (δοῦναιὲ
826 3791 917 3863 suppl.
931 3793 1005 3848 Ηεεο
1077 3798 1109 3847 19
1128 3792 1253 3865 ἀννγρον
1269 3797 1303 3852 Β

284 3868 319 3917 20
338 3863 423 3927 αὐτὸς
441 3865 470 3919 Β
543 3870 576 3918 21
597 3866 764 3932 προσελθεῖν
882 3870 917 3919 23
935 3861 1077 3934 στρατείας
1094 3864 1122 3920 Β
