3074 4598
322 476 365 540 38
684 468 963 528 ιιιυιιυυιιυιοε

276 647 303 700 H
384 639 413 702 2.
438 639 504 703 Τὸν
517 643 606 720 μῆνα
623 632 705 696 κατὰ
722 631 782 697 τὸν
796 637 993 718 σεληνιακὸν
1011 636 1138 722 δρόμον
1155 633 1254 720 ήρίδ-
1267 640 1387 708 RrIILl

245 752 303 807 ΧΗ
317 767 405 828 μουν
428 744 461 809 οἱ
482 739 633 819 παλαιοί,
660 738 762 802 ἐνθεν
788 738 843 805 καὶ
870 742 938 826 μήν
962 741 1243 829 προσαγορεύεται
1266 738 1333 806 ἀπὸ

319 859 377 934 τῆς
398 851 518 933 μήνης,
546 839 696 907 τουτέστι
718 853 775 928 τῆς
802 851 953 931 σελήνης·
981 850 1101 933 σελήνη
1123 843 1161 914 δέ
1183 846 1247 913 ἀπὸ
1270 854 1333 912 τοῦ

274 965 301 1020 Η
315 955 412 1030 σέλας
439 949 490 1017 ἀεὶ
518 948 598 1014 νέον
623 949 720 1033 ἔχειν.
771 952 837 1036 μήν
868 955 932 1040 γάρ
965 954 1033 1021 ἐστι
1059 957 1178 1041 χρόνος
1204 954 1333 1021 ὁπόσον

291 1060 361 1126 τάν
388 1057 406 1123 δ
434 1057 528 1140 ήλιος
553 1055 719 1138 διηνυκὼς
746 1063 811 1142 εἴη,
839 1057 877 1123 ἐν
904 1052 932 1147 ᾧ
957 1062 995 1127 τὸ
1022 1061 1086 1129 ἀπὸ
1109 1071 1169 1128 τοῦ
1190 1060 1332 1145 ἡλιακοῦ

317 1164 458 1248 κέντρου
485 1173 557 1247 φῶς
585 1159 638 1226 ἐπὶ
665 1163 725 1246 τήν
751 1168 894 1249 σελήνην
925 1169 1112 1252 φερόμενον
1137 1166 1192 1234 καὶ
1218 1189 1332 1253 περιο-

318 1272 442 1335 δεῦσαν
465 1270 512 1346 είς
533 1268 594 1334 τὸν
617 1266 720 1332 αὐτὸν
740 1268 948 1359 άποκαταστή
971 1273 1076 1339 τόπον
1098 1273 1181 1339 ὅθεν
1207 1272 1329 1359 ήρξατο

316 1375 539 1462 περιοδεύειν·
567 1375 651 1441 ὅθεν
676 1371 730 1438 καί
757 1374 821 1441 ἀπὸ
851 1378 998 1444 συνόδου
1025 1378 1073 1454 είς
1099 1379 1246 1446 σύνοδον
1267 1380 1330 1463 τήν

316 1486 498 1567 νεομηνίαν
514 1493 673 1567 τιμῶντες
691 1485 942 1565 συνελογίζοντο
964 1484 1024 1550 τὸν
1042 1483 1196 1550 ἐνιαυτὸν
1214 1486 1329 1550 τεσσά-

274 1611 301 1650 ιο
316 1613 387 1676 ρων
417 1586 473 1654 καὶ
503 1588 709 1670 πεντήκοντα
742 1584 797 1651 καὶ
833 1593 1033 1673 τριακοσίων
1067 1587 1199 1675 ήμερῶν
1230 1584 1329 1673 εἶναι,

314 1698 399 1763 ὥστε
421 1693 545 1783 ἑκάστῳ
573 1691 653 1778 μηνὶ
675 1694 889 1779 περιβάλλειν
918 1694 1015 1762 ἐννέα
1041 1694 1096 1762 καὶ
1118 1701 1222 1763 εἰκοσι
1244 1695 1329 1780 πρὸς

313 1813 352 1889 τῇ
375 1802 508 1889 ἡμισείᾳ
530 1799 662 1886 ἡμέρας·

277 1920 296 1975 S
378 1909 407 1973 3.
419 1907 489 1974 Ὅτι
504 1912 713 1992 Τίμαιοςνῦν
722 1904 784 1994 μέν
792 1910 954 1994 γεννητὸν
962 1908 1035 1976 κατ’
1046 1912 1165 1997 αἰτίαν,
1179 1921 1244 1978 νῦν
1258 1922 1384 1978 δοειιΒι

312 2011 351 2083 δὲ
374 2014 558 2100 ἀγέννητον
580 2014 641 2081 τὸν
662 2017 787 2101 κόσμον
809 2015 962 2102 ὁρίζεται·
985 2017 1167 2104 ἀγέννητον
1189 2016 1252 2103 μὲν
1269 2020 1328 2086 διὰ

273 2142 299 2183 15
312 2123 371 2200 τάς
394 2121 431 2187 ἐν
454 2121 544 2211 αὐτῷ
566 2124 688 2207 νοητὰς
710 2123 878 2208 δυνάμεις,
896 2127 1058 2209 γεννητὸν
1076 2121 1113 2191 δέ
1131 2117 1185 2192 οἷα
1203 2124 1328 2211 ὁρατὸν

313 2229 419 2294 ἀπτόν
442 2252 477 2294 τε
500 2230 567 2315 ἅμα
585 2226 640 2294 καὶ
663 2240 762 2315 σῶμα
777 2232 905 2315 ἔχοντα.

271 2348 297 2404 Χ
374 2335 404 2399 4
428 2335 562 2413 Κύκλος
587 2338 711 2414 παντὸς
737 2336 886 2421 ἀριθμοῦ
914 2336 1045 2422 ἐστινή
1068 2338 1165 2416 δεκδς
1187 2336 1242 2403 καὶ
1260 2347 1380 2418 RrIIL2

312 2440 428 2528 πέρας·
450 2440 527 2526 περὶ
551 2443 656 2527 αὐτήν
673 2445 736 2529 γάρ
760 2443 946 2529 εἱλούμενοι
964 2442 1020 2510 καὶ
1042 2445 1327 2530 κατακάμπτοντες

313 2551 423 2633 ὥσπερ
451 2558 625 2635 καμπτῆρα
652 2550 884 2635 δολιχεύουσιν
911 2553 944 2617 οἱ
967 2551 1115 2637 ἀριθμοί.
1160 2552 1239 2637 ὅρος
1261 2554 1325 2638 γάρ

272 2677 299 2718 ιο
315 2655 384 2721 ἐστι
406 2663 465 2739 τῆς
487 2654 639 2741 ἀπειρίας
661 2654 783 2722 αὐτῶν·
810 2656 874 2722 ἀπὸ
897 2658 961 2743 γάρ
983 2659 1129 2743 μονάδος
1151 2660 1245 2744 ἀχρις
1268 2659 1327 2724 αὐ-

314 2772 372 2847 τῆς
404 2760 459 2828 καὶ
488 2765 592 2847 μόνης
621 2761 864 2848 ἀριθμήσαντες
891 2761 947 2828 καὶ
978 2766 1112 2842 στάντες
1142 2763 1193 2830 ἐπ’
1221 2765 1327 2849 αὐτήν

207 2931 210 2941 ,
315 2866 417 2947 αὖθις
443 2867 497 2935 ἐπὶ
524 2870 587 2954 τήν
613 2868 741 2954 μονάδα
767 2867 1024 2954 ἀναστρέφομεν.
1069 2871 1120 2937 ότι
1142 2867 1180 2938 δέ
1201 2873 1327 2950 παντὸς

315 2977 464 3064 ἀριθμοῦ
482 2975 657 3060 συνεκτική
674 2974 695 3059 ή
710 2976 816 3060 δεκάς,
834 2975 992 3062 μάρτυςή
1008 2977 1118 3062 φύσις,
1131 2978 1176 3063 μή
1189 2982 1326 3057 πλείους

315 3096 383 3150 τῶν
415 3083 494 3150 δέκα
527 3083 700 3148 δακτύλων
735 3081 818 3147 ἀλλά
855 3080 937 3167 μηδὲ
970 3082 1124 3161 ἐλάττους
1155 3083 1324 3174 ἀνθρώπῳ

274 3212 301 3253 ιο
314 3199 538 3276 παρασχοῦσα.
568 3189 693 3267 ὀὕτως
724 3190 788 3275 ἀρα
818 3187 874 3254 καί
905 3188 958 3255 ἐπὶ
990 3199 1048 3274 τής
1077 3200 1138 3257 τοῦ
1169 3191 1325 3259 ἐνιαυτοῦ

316 3299 448 3383 φύσεως
461 3299 553 3362 ἐστιν
566 3296 688 3381 εὑρεῖν,
706 3296 755 3362 ὅτι
775 3296 1069 3382 συμπληρούμενος
1086 3292 1196 3381 αὖθις,
1215 3300 1324 3385 ὥσπερ

315 3405 334 3470 δ
362 3404 442 3470 δέκα
473 3403 635 3490 ἀριθμός,
667 3403 713 3477 εἰς
746 3398 863 3467 ἑαυτὸν
895 3400 1105 3488 ἀναστρέφει·
1136 3401 1192 3469 καὶ
1221 3406 1360 3492 ταύτηι

346 3628 348 3633 Ι
387 3579 411 3615 v.
432 3565 465 3614 13
484 3558 518 3615 τί.
537 3558 611 3613 ΡΙτι.
630 3556 700 3611 'rm
718 3575 745 3627 p.
761 3556 825 3612 260

387 3720 411 3756 v.
432 3707 447 3755 2
486 3709 551 3771 ήνες
568 3699 823 3770 προσαγορεύονται
837 3704 902 3753 -3
920 3694 997 3769 παρὰ
1016 3700 1048 3756 τδ
1071 3698 1150 3766 σέλας
1167 3700 1233 3757 νέον
1251 3701 1267 3756 ἐ
1282 3721 1325 3758 ειν

315 3773 348 3898 ὅΧ
383 3776 430 3898 ὲδ
449 3721 604 3841 εδάούμενοι
618 3770 647 3826 Β
699 3775 733 3824 24
751 3768 864 3833 ἐλάτους
877 3771 913 3840 Α,
931 3790 1025 3835 κτους
1043 3789 1111 3828 corr.
1125 3775 1163 3846 A,
1215 3779 1249 3828 λδ
1264 3723 1324 3848 δτι]

334 3862 365 3898 πι
