3074 4598
259 439 375 496 XXVIII
662 439 867 498 PRAEFATIO

258 606 292 670 τὸ
324 606 487 692 προστεθὲν
514 605 639 688 ἀφέντες
674 606 741 692 περὶ
776 618 829 671 τοῦ
858 608 955 672 πόθεν
985 606 1093 692 άρρενα
1122 604 1143 689 d
1174 607 1270 687 θήλεα

258 697 383 760 τίκτεται
404 696 479 761 κατὰ
496 697 566 773 τοὺς
589 698 736 776 φυσικοὺς
758 695 892 780 ἐροῦμεν,
915 702 946 761 et
969 698 1115 777 descripto
1140 698 1268 760 medica·

258 787 338 848 mine
361 788 423 863 illo,
447 807 506 866 quo
528 785 591 848 iam
612 785 646 846 in
668 787 767 849 codice
789 788 1053 850 Roffendebamur
1075 781 1155 872 (vide
1178 805 1270 865 supra

258 897 287 954 p.
300 869 396 958 XVI),
416 875 555 954 quodque
572 875 606 936 in
618 877 728 938 nostris
741 877 889 940 codicibus
903 879 945 939 sic
957 877 1073 956 plenius
1091 876 1269 938 delineatur:

258 962 274 1026 d
292 958 327 1048 (ἡ
347 957 424 1048 cod)
443 961 476 1026 δὲ
489 956 571 1026 Ἀντί
587 963 657 1039 ονός
670 981 745 1045 φησι
758 963 791 1027 τὸ
804 966 975 1048 θηλαμόνον
990 960 1173 1050 (θηλύγονον
1187 965 1250 1027 cod.

258 1052 309 1114 ιἰαὶ
336 1050 533 1134 άρρενογάνον
560 988 772 1138 βάρρενόγονον
795 1049 871 1139 cod)
894 1055 1020 1135 βοτάνας
1043 1047 1166 1137 (βοτάνη
1188 1054 1253 1116 cod.

256 1133 344 1219 εἶναι,
362 1138 421 1204 ἀπὸ
435 1140 467 1204 δὲ
480 1150 534 1204 τοῦ
548 1143 716 1224 συμβάντος
733 1141 789 1223 τὴν
806 1141 976 1222 ἐπωνυμίαν
994 1142 1083 1217 αιἰτᾶς
1102 1141 1265 1223 εἰληφέναι·

256 1228 289 1292 τὸ
312 1226 443 1313 μὲνγὰρ
466 1231 565 1294 αὐτῶν
587 1237 684 1294 ποιεῖν
706 1229 759 1305 τὰς
780 1229 966 1310 θηλοτόκονς
988 1229 1212 1314 άρρενοτόιιονς,
1235 1231 1268 1293 τὸ

256 1313 289 1380 δὲ
319 1320 492 1402 θηλνγόνον
522 1313 708 1404 (θηλάγονον
738 1317 815 1400 cod)
846 1318 991 1381 ἀνάπαλιν
1020 1318 1180 1398 πινόμενον
1203 1313 1267 1404 (τιά-

257 1412 364 1470 vercae
383 1403 461 1495 eod)
484 1410 647 1493 τριώβολον
664 1400 832 1491 (τριάβολον
854 1400 931 1491 cod)
953 1404 986 1468 ἒν
1009 1405 1080 1491 οἴνῳ
1103 1404 1161 1470 άπὸ
1181 1411 1267 1488 πρωΐ.

255 1499 346 1575 atque
370 1498 475 1560 de-hia
497 1498 595 1559 tribus
618 1495 829 1558 additamentis
851 1516 942 1557 unum
960 1495 1095 1572 idemque
1113 1495 1269 1557 ferendum

256 1603 319 1646 esse
331 1585 477 1647 iudicium
490 1589 631 1664 apparet:
654 1589 707 1645 aut
720 1585 801 1644 enim
813 1584 988 1663 legebantur
1001 1583 1073 1643 olim
1084 1583 1117 1642 in
1129 1581 1266 1660 Lydiano

253 1674 331 1735 libro
351 1707 394 1717 -
412 1678 478 1734 tum
497 1675 530 1734 in
553 1673 714 1734 editionem
735 1672 905 1749 recipienda
927 1673 996 1730 sunt
1014 1703 1066 1747 -‚
1087 1674 1140 1731 ant
1160 1675 1267 1749 postea

252 1763 370 1823 intrusa
392 1765 464 1822 sunt
482 1780 500 1821 a
513 1761 578 1822 viro
602 1759 732 1838 quodam
750 1760 836 1820 docto
851 1791 893 1802 -
907 1763 972 1819 tum
987 1759 1132 1821 removeri
1148 1760 1265 1822 debent.

254 1870 309 1929 ego
339 1850 396 1910 hac
421 1851 454 1910 iu
483 1870 515 1910 re
546 1846 659 1928 ambigi
680 1866 768 1926 posse
795 1847 922 1908 libenter
950 1849 1089 1910 concedo:
1118 1869 1189 1910 nam
1211 1869 1266 1912 nec

253 1937 377 2019 gloriari
389 1938 483 2000 Plinii
495 1939 616 1999 nomine
633 1938 734 2014 inepte
747 1936 944 1997 recentiorum
966 1938 1137 1999 commentis
1159 1939 1264 2017 indito,

253 2047 349 2106 neque
372 2027 519 2107 Antigoni
541 2027 653 2105 scripta
675 2024 814 2086 adhibere
837 2044 855 2085 a
876 2024 1031 2086 Laurentii
1050 2026 1169 2106 iugenio
1193 2028 1264 2089 alie-

252 2137 325 2178 num
348 2119 400 2178 est
446 2119 551 2178 contra
573 2118 675 2177 autem
695 2133 816 2175 monere
837 2112 935 2189 liceat,
956 2115 1071 2176 codices
1093 2120 1123 2176 et
1139 2118 1167 2176 X
1185 2121 1216 2177 et
1235 2117 1264 2193 S,

254 2206 334 2283 quod
357 2206 478 2283 quidem
500 2224 516 2265 e
538 2204 662 2281 reliquis
679 2201 874 2263 Laurentiani
890 2202 960 2262 libri
976 2203 1111 2280 partibus
1129 2210 1264 2282 apparet,

252 2298 411 2355 auctorum
431 2295 554 2355 nomina
576 2292 735 2371 diligenter
757 2309 904 2352 servasse:
927 2309 1018 2368 quare
1035 2293 1100 2354 veri
1119 2292 1201 2353 haud
1217 2294 1263 2353 ita

252 2401 315 2444 esse
334 2383 439 2460 simile,
463 2382 623 2444 omissuros
641 2397 691 2440 eos
708 2378 801 2440 fuisse
819 2381 850 2440 et
865 2378 956 2440 Plinii
974 2385 1004 2442 et
1017 2381 1162 2461 Antigoni
1177 2402 1260 2443 men·

250 2472 364 2532 tionem
396 2472 476 2549 apud
502 2470 621 2547 Lydum
646 2470 804 2546 repertam
858 2488 982 2547 cumque
1009 2474 1086 2532 esset
1115 2472 1261 2549 quaestio,

252 2560 396 2638 quidnam
418 2560 564 2621 editorem
581 2558 678 2618 facere
696 2557 814 2617 deceret
835 2557 867 2617 in
887 2578 920 2618 re
936 2562 1000 2619 tam
1018 2559 1116 2635 dubia,
1138 2579 1203 2639 ego,
1225 2580 1262 2621 ne

252 2649 324 2727 quid
346 2648 453 2710 incerti
474 2649 507 2709 in
534 2647 695 2708 editionem
723 2646 895 2724 reciperem,
927 2647 1091 2710 omittenda
1118 2648 1173 2710 illa
1198 2667 1261 2710 esse

251 2737 335 2813 duxi,
358 2740 393 2796 ut
416 2757 493 2815 quae
514 2736 653 2814 Lydiana
674 2752 737 2795 esse
756 2735 844 2796 certis
862 2738 1043 2815 argumentis
1065 2737 1261 2798 demonstrari

249 2828 392 2903 nequeat3
414 2827 459 2886 ita
481 2829 516 2884 ut
538 2825 727 2903 aliquatenus
746 2824 928 2885 consentiam
945 2844 1014 2885 cum
1030 2825 1260 2902 Kmmbachero‚

250 2913 316 2992 qui,
345 2916 381 2973 ut
407 2932 499 2992 supra
529 2913 671 2988 diximus,
706 2933 735 2990 p.
760 2914 822 2973 347
852 2913 943 2974 verba
972 2914 1094 2974 alterius
1124 2913 1259 2974 codicum

249 3001 366 3083 generis
389 3001 456 3084 ἔστιΙ
471 2998 503 3064 δὲ
522 3002 634 3082 βοτάνη
650 3034 692 3045 -
704 3000 850 3084 τριάβολα
866 3004 968 3079 aperte
990 3001 1171 3080 interpolata
1194 3020 1258 3064 esse

249 3090 409 3153 contendit

181 3193 184 3201 “
315 3180 362 3239 Ex
374 3180 422 3257 iis,
441 3199 518 3257 quae
531 3180 621 3241 modo
635 3179 803 3256 attulimus,
821 3179 964 3257 sequitur,
981 3180 1077 3240 tribus
1094 3179 1260 3241 rationibus

249 3272 402 3330 servatum
429 3268 514 3330 nobis
541 3288 605 3330 esse
634 3271 798 3329 tractatum
826 3267 912 3329 illum
934 3268 969 3329 de
996 3268 1185 3348 generatione
1206 3269 1259 3330 ho·

247 3357 345 3418 minis.
401 3361 455 3418 aut
486 3356 566 3416 enim
597 3375 658 3416 una
689 3375 758 3417 cum
787 3356 912 3435 reliquia
942 3357 1086 3434 excerptis
1115 3355 1259 3434 Lydiauis

247 3446 379 3506 traditur
400 3449 522 3506 auctore
550 3445 634 3506 nullo
660 3445 829 3521 nominato,
856 3450 910 3506 aut
930 3464 985 3524 per
1006 3465 1036 3507 se
1059 3447 1120 3506 stat
1145 3446 1177 3506 in
1200 3447 1259 3506 sin·

248 3535 328 3613 gulis
358 3534 507 3595 codicibus
537 3534 641 3595 addito
670 3532 780 3612 Splinii
808 3535 938 3612 nomine,
970 3535 1053 3596 cuius
1082 3533 1259 3595 recensionis

248 3623 358 3701 duplex
389 3627 472 3684 extat
503 3642 611 3702 genus,
644 3623 782 3700 amplius·
803 3643 896 3683 unum
926 3625 957 3684 et
985 3623 1019 3685 in
1046 3623 1163 3684 brevius
1190 3642 1257 3684 con·

247 3715 378 3772 nactum
410 3713 547 3772 alterum
603 3715 695 3790 atque
727 3712 801 3772 haec
837 3712 956 3791 quidem
991 3713 1049 3774 duo
1079 3731 1188 3792 genera
1219 3713 1259 3773 ad

249 3820 343 3861 unum
371 3801 510 3878 idemque
540 3801 734 3879 archetypum
762 3800 858 3862 redire
888 3802 953 3879 ipso
984 3802 1114 3864 auctoris
1139 3801 1258 3862 nomine
