3074 4598
248 428 377 484 LXXXII
654 425 861 484 PRAEFATIO

249 596 313 657 lem
336 595 472 674 Geryone
495 598 635 674 superato
657 596 691 654 in
711 594 834 656 Italiam
856 594 969 659 venisse
994 585 1122 668 denual,
1149 609 1210 671 qua
1232 609 1268 650 re

250 687 418 764 explicatur
434 682 643 762 interpretatio
661 685 754 743 trium
769 683 913 761 Geryonis
931 702 1093 761 corporum.
1104 680 1267 742 secundum

249 777 398 836 rationem
420 775 501 835 facta
524 769 557 848 (ξ
577 762 642 852 10).
689 775 824 849 sequenti
852 773 956 833 deinde
979 764 1187 851 paragrapho²
1209 770 1262 830 ab·

249 865 408 925 solvuntur
428 860 563 921 Euandri
590 860 669 919 iata:
696 864 942 922 commemoratur
969 861 1048 922 enim
1074 859 1168 921 hostis
1198 860 1265 919 eius

247 952 370 1029 Erylus,
393 968 482 1026 quem
503 947 601 1007 tribus
620 947 727 1007 animis
744 949 913 1025 praeditum
930 950 1022 1010 fuisse
1040 953 1178 1026 nmrant3
1202 967 1264 1026 qna

249 1041 402 1101 occasione
425 1037 496 1097 data
518 1035 614 1095 fusius
637 1035 673 1095 de
694 1036 790 1097 tribus
809 1037 925 1097 animae
943 1039 1080 1115 partibus
1098 1057 1117 1097 a
1134 1036 1263 1098 Platone

248 1125 465 1202 Chaldaeisque
492 1124 614 1184 statutis
641 1123 760 1183 disserit
786 1124 897 1202 Lydus.
941 1130 1008 1186 tum
1036 1125 1056 1204 ξ
1081 1129 1120 1188 12
1149 1126 1183 1185 in
1210 1125 1263 1186 ad·

247 1235 393 1277 renerum
405 1214 654 1288 inventorumque
672 1214 807 1290 pergitur
823 1214 933 1288 indice;
953 1216 1147 1275 nominantur
1159 1215 1262 1276 Ulixes

247 1304 407 1365 Diomedes
430 1302 512 1362 Auso
534 1303 691 1377 materque
715 1301 777 1360 eius
801 1301 893 1378 Circe,
924 1321 1000 1380 quae
1023 1304 1134 1363 circum
1155 1304 1189 1364 in
1209 1304 1263 1364 ho·

247 1413 350 1454 norem
374 1391 451 1452 Solis
476 1390 572 1468 patris
598 1389 759 1464 invenerit,
787 1390 893 1468 quibus
923 1390 1043 1450 additur
1068 1390 1166 1452 brevis
1193 1411 1262 1453 con·

248 1485 366 1559 spectus
395 1479 608 1552 mutationum,
641 1495 715 1554 quas
744 1477 807 1538 ludi
836 1479 977 1539 circenses
1010 1499 1064 1556 per
1092 1479 1262 1556 temporum

248 1571 405 1632 decursum
433 1567 514 1644 passi
547 1566 615 1625 sint.
661 1563 765 1625 Circen
797 1571 898 1627 autem
928 1568 1108 1644 sequebatur
1133 1567 1261 1644 Aeneas,

247 1678 304 1736 per
331 1678 419 1734 quem
447 1653 594 1733 quomodo
621 1653 661 1712 ad
684 1653 843 1714 Romulum
871 1658 900 1714 et
926 1655 1056 1715 Numam
1078 1655 1261 1733 Pompilium

247 1748 424 1823 perventum
446 1745 495 1819 sit,
517 1743 579 1802 iam
602 1759 693 1819 supra
717 1741 829 1801 dictum
851 1746 904 1803 est.

316 1832 427 1903 Quibus
443 1830 584 1908 expositis
598 1829 682 1890 filum
695 1849 748 1891 nos
765 1832 928 1909 repperisse
941 1837 1026 1911 puto,
1046 1832 1124 1911 quod
1143 1836 1262 1894 secutus

248 1922 321 1982 olim
338 1920 467 1981 Ioannes
484 1919 588 1997 Lydus
609 1920 720 1980 librum
742 1921 778 1979 de
799 1921 948 1982 mensibus
966 1922 1095 2001 primum
1113 1923 1261 2001 conscrip-

248 2011 300 2085 sit,
331 2029 367 2069 ex
388 2009 426 2069 iis
449 2012 558 2086 autem,
587 2028 665 2086 quae
688 2009 723 2069 de
747 2029 781 2070 eo
804 2014 890 2071 erant
911 2011 1092 2089 disserenda,
1118 2012 1207 2073 facile
1229 2015 1261 2072 te

248 2100 480 2161 aestimaturum
503 2117 566 2159 esse
589 2117 688 2176 spero,
717 2117 866 2176 quaenam
886 2101 979 2161 totius
1005 2100 1076 2161 libri
1096 2105 1198 2179 pentes
1220 2100 1260 2160 ad

246 2189 329 2249 hunc
359 2186 438 2246 diem
468 2186 687 2262 interciderint,
715 2207 792 2264 quae
819 2189 918 2249 selvae
945 2189 1013 2250 sint
1059 2209 1183 2267 cumque
1209 2189 1260 2250 hic

248 2278 325 2337 liber
347 2275 513 2353 longiorem
536 2275 593 2335 sibi
618 2277 788 2353 poposcerit
811 2279 1110 2356 argumentationem,
1135 2279 1169 2338 in
1190 2279 1259 2338 reli·

247 2366 314 2443 quis
337 2365 456 2424 brevior
484 2383 546 2424 esse
573 2382 704 2440 possum.
749 2366 813 2443 agit
839 2367 929 2443 enim,
956 2370 992 2426 ut
1017 2365 1101 2426 nobis
1128 2367 1260 2427 traditur

246 2457 313 2532 ipso
327 2453 427 2526 titulo,
443 2453 519 2513 liber
532 2454 611 2513 alter
624 2451 689 2533 περὶ
703 2448 824 2533 ἡμέρας,
842 2455 926 2515 cuins
940 2456 1093 2532 prooemii,
1111 2455 1258 2532 siquidem

247 2563 339 2621 supra
361 2564 390 2620 p.
409 2541 566 2602 XXXVIII
587 2545 667 2602 recte
690 2543 852 2620 disputavi,
876 2544 982 2620 verbis,
1009 2548 1109 2604 actum
1131 2545 1169 2605 iri
1192 2543 1256 2624 περὶ

247 2631 340 2712 ἀρχῆς
362 2628 488 2711 ἡμερῶν,
512 2650 548 2691 ea
570 2631 720 2691 indicatur
740 2632 877 2708 materia,
899 2631 937 2692 ad
960 2651 1049 2709 quam
1067 2632 1259 2712 subsequenti

246 2722 352 2782 statim
373 2720 563 2799 paragrapho
587 2712 644 2801 (H,
664 2713 699 2802 2)
723 2721 837 2781 accedit
858 2722 968 2797 auctor,
990 2723 1035 2781 ite
1056 2726 1093 2782 ut
1113 2721 1170 2782 hoc
1191 2723 1257 2783 loco

245 2811 322 2869 nihil
345 2810 406 2869 fere
424 2809 609 2869 intercidisse
627 2826 682 2885 pro
700 2811 781 2868 certo
799 2809 907 2869 habere
924 2810 1080 2885 possimus.
1116 2811 1258 2887 expositis

246 2902 348 2958 autem
371 2898 418 2972 iis,
441 2917 516 2975 quae
540 2898 576 2957 de
597 2897 711 2956 dierum
729 2897 816 2958 initio
835 2899 920 2957 erant
938 2899 1119 2975 exponenda,
1141 2899 1180 2958 ad
1198 2899 1257 2958 sin·

245 2988 385 3066 gulorum
408 2986 523 3046 dierum
550 2985 749 3064 significatum
778 2986 888 3046 transit
908 2985 1100 3062 Laurentius,
1130 3007 1257 3064 quorum

247 3079 385 3154 septenos
422 3075 547 3155 singulis
582 3075 771 3153 planetarum
807 3075 862 3135 diis
899 3074 1107 3136 dedicaverunt
1141 3081 1258 3136 veteres

248 3164 393 3225 Chaldaei
420 3166 510 3243 atque
532 3163 678 3242 Aegyptii
700 3156 758 3245 (11,
777 3155 821 3244 4).
867 3166 897 3224 et
924 3164 968 3222 ita
996 3165 1115 3241 quidem
1141 3165 1256 3225 factum

248 3257 302 3330 est,
321 3257 356 3312 ut
373 3252 562 3332 paragrapho
583 3254 601 3311 3
621 3256 739 3312 servata
757 3252 826 3328 sint,
844 3271 920 3330 quae
933 3252 1113 3313 Laurentius
1131 3254 1258 3313 senserit

248 3343 284 3402 de
307 3342 461 3418 rhythmo,
489 3361 579 3419 quem
605 3343 723 3400 secutae
750 3340 937 3417 planetarum
959 3342 1102 3418 sphaerae
1123 3342 1256 3403 universi

245 3430 352 3490 mundi
382 3430 514 3490 efficiant
539 3430 733 3490 harmoniam.
783 3429 945 3489 errantium
973 3430 1128 3490 stellarum
1155 3434 1256 3491 autem

321 3651 330 3682 ¹
349 3666 372 3704 e.
392 3669 418 3722 g.
438 3650 523 3724 Origo
542 3650 634 3722 gentis
652 3651 796 3705 Romanae
814 3650 874 3720 VII,
894 3658 917 3706 1.

320 3720 331 3753 ¹
350 3721 469 3777 alterum
487 3737 599 3792 quoque
617 3720 817 3777 sententiarum
840 3738 941 3777 nexum
958 3720 1032 3778 inter
1050 3727 1082 3790 βξ
1102 3727 1142 3777 10.
1160 3729 1191 3778 11
1211 3723 1253 3779 in·

244 3792 436 3847 tercedentem
454 3809 539 3863 supra
555 3792 704 3847 statuimus
721 3809 749 3862 p.
763 3791 831 3849 LVL
1254 3820 1256 3825 ·
