3074 4598
292 457 356 522 110
547 455 657 512 LIBER
675 455 852 522 QUARTUS.
871 453 1040 511 MARTIUS

255 619 416 706 θάδήλου
438 628 524 688 θεοῦ
547 620 607 686 τὸν
630 618 668 685 έν
681 618 923 707 Ἱεροσολύμοις
945 617 1027 683 ναὸν
1043 611 1312 701 ἐίυαι.λέγει,”ό

224 781 228 791 .
286 725 327 815 ’δέ
348 731 544 814 Νουμήνιος
559 725 794 811 ,ἀκοινώνητον
816 727 919 813 αὐτὸν
940 722 995 789 καὶ
1018 722 1143 810 πατέρα
1163 727 1306 791 πάντων

279 845 356 901 ’τῶν
378 841 471 901 θεῶν
483 828 580 916 ἐἶναι
592 831 698 918 λέγει,
722 833 923 913 ἀπαξιοῦντα
940 840 1115 896 κοινωνεῖν
1133 830 1223 920 αὐτῷ
1242 839 1306 915 τῆς

287 953 384 1027 τιμῆς
402 961 514 1005 ’τιναῡ
529 937 584 1005 καὶ
606 938 799 1017 Ἰουλιανὸς
814 937 858 1005 ’δὲ
887 936 905 1003 6
934 937 1103 1021 βασιλεῦς,
1133 937 1187 1003 ὅτε
1214 939 1307 1023 πρὸς

246 1047 421 1133 ;ιΠέρσας
445 1047 675 1134 ἐστρατεύετο,
702 1048 843 1133 γράφων
863 1042 1038 1121 Ἰουδαίοις
1064 1043 1152 1110 ου”τω
1180 1048 1303 1130 φησίν·

288 1153 460 1240 εάνεγείρω
490 1156 554 1241 γάρ
584 1157 665 1240 μετά
693 1155 800 1238 πάσης
811 1153 1016 1237 «προθυμίας
1041 1152 1101 1218 τὸν
1128 1153 1211 1226 ναὸν
1236 1159 1301 1216 τοῦ

287 1259 432 1340 ὑψίστου
453 1263 565 1330 θεοῦ·
593 1259 636 1329 δι’
659 1261 702 1345 ἣν
730 1261 839 1346 αἰτίαν
864 1259 923 1322 καί
941 1279 1028 1334 τινες
1052 1268 1120 1323 τῶν
1142 1257 1302 1325 ἀπαιδεύ-

286 1392 364 1454 των,
387 1371 436 1436 ἔτι
455 1367 565 1436 δὲκαὶ
584 1370 641 1435 διὰ
659 1370 721 1452 τὴν
737 1365 918 1452 περιτομὴν
934 1364 1070 1448 Κρόνον
1088 1363 1193 1431 αὐτὸν
1209 1360 1301 1432 εἶναι

279 1479 495 1561 νομίζουσιν·
517 1476 733 1560 »ὑψηλότερος
765 1473 828 1559 γάρ
846 1488 943 1557 ,φασι
972 1480 1040 1536 τῶν
1068 1473 1247 1554 πλανήτων
1261 1471 1300 1538 .6

246 1607 273 1647 10
285 1584 431 1668 Κρόνος·
455 1582 505 1648 οὐ.
519 1590 726 1666 συνορῶντες
749 1579 800 1646 ὅτι
821 1578 843 1663 ἡ
862 1577 1020 1663 περιτομὴ
1038 1577 1209 1660 σύμβολόν
1226 1575 1300 1642 έστι

285 1697 346 1774 τοῦ
373 1693 551 1773 καθαρμοῦ
566 1694 637 1768 τῆς
659 1694 782 1770 ,νοερᾶς
809 1693 929 1768 ψυχῆς,
959 1684 1004 1761 ὡς
1028 1692 1098 1759 τοῖς
1123 1694 1299 1767 μυστικοῖς

285 1805 353 1858 των
366 1792 531 1876 Ἑβραίων
554 1793 659 1875 δοκεῖ,
683 1791 734 1858 ὅτι
757 1786 857 1857 δὲού
875 1790 1138 1876 Κρονίατελετὴ
1161 1788 1181 1873 ἡ
1203 1811 1299 1876 περι-

284 1901 382 1982 τομή·
418 1896 475 1980 καὶ
501 1896 653 1984 Ἀράβων
684 1899 717 1964 ολ
753 1899 925 1983 λεγόμενοι
956 1899 1117 1982 Σκηνίται
1149 1893 1203 1963 ἐπὶ
1234 1904 1298 1964 τοῦ

284 2003 557 2091 τρισκαιδεκάτου
579 2001 735 2083 ἐνιαυτοῦ
758 2006 837 2082 τοὺς
858 2001 985 2069 ἑαυτῶν
1006 2004 1127 2081 παῖδας
1144 2002 1298 2090 περιτέμ-

236 2138 271 2180 ω
285 2128 404 2180 νουσιν
418 2111 474 2188 ,ὡς
484 2107 664 2195 ,Ὼριγένης
691 2109 795 2196 λέγει,
820 2114 929 2177 καίτοι
950 2107 1131 2197 Ἀστάρτην
1143 2147 1146 2152 ·
1158 2109 1229 2177 ἀλλ’
1253 2109 1296 2176 οὐ

280 2221 422 2305 ’Κρόνον
439 2226 619 2301 τιμῶντες·
652 2215 707 2282 καὶ
736 2218 900 2295 Αἰθίοπες
929 2213 966 2283 δὲ
994 2220 1051 2294 τὰς
1079 2217 1201 2302 κόγχας
1227 2227 1299 2282 τῶν

284 2325 437 2407 γονάτων
460 2333 528 2387 τῶν
547 2319 641 2386 νέων
661 2324 984 2410 σιδηρῷκκαυστικῷ
999 2326 1226 2409 ’σφραγιζουσι
1247 2329 1296 2411 τςῖ

279 2429 473 2516 Ἀπόλλωνι.
525 2427 542 2493 ὁ
572 2426 686 2512 μέντοι
705 2430 913 2515 Πορφάριος
944 2428 981 2494 έν
1009 2437 1053 2518 τῷ
1083 2429 1296 2515 ὑπομνήματι

277 2549 352 2603 τῶν
375 2539 499 2621 λογίων
518 2534 586 2598 ,τὸν
613 2531 666 2610 δὶς
690 2534 840 2602 ἐπέκεινα
865 2533 1011 2602 τουτέστι
1033 2537 1093 2602 τὸν
1114 2548 1183 2602 τῶν
1205 2537 1300 2603 ὅλων

244 2669 270 2708 20
285 2643 492 2727 δημιουργὸν
513 2641 573 2706 τὸν
590 2641 679 2726 παρὰ
694 2638 866 2708 Ἰουδαίων
887 2643 1072 2727 τιμώμενον
1090 2638 1177 2708 εἶναι
1195 2628 1307 2728 ἀξιοῖ,

284 2748 325 2813 δν
347 2749 365 2814 6
384 2749 552 2824 Χαλδαῖος
569 2747 728 2832 δεύτερον
751 2747 815 2813 άπὸ
836 2758 895 2814 τοῦ
913 2748 996 2826 ἅπαξ
1015 2748 1174 2832 ἐπέκεινα,
1197 2773 1294 2815 τουτ-

284 2852 353 2918 έστι
381 2862 441 2919 τοῦ
468 2853 612 2937 άγαθοῦ,
643 2859 815 2937 θεολογεῑ,
855 2856 887 2919 οἱ
913 2853 1024 2938 μέντοι
1049 2853 1126 2940 περὶ
1149 2853 1295 2940 Ἰάμβλι-

283 2983 345 3044 χον
366 2958 422 3024 καὶ
441 2960 615 3045 Συριανὸν
636 2957 691 3024 καὶ
710 2962 867 3045 Πρόκλον
885 2960 1087 3045 δημιουργὸν
1106 2960 1210 3026 αὐτὸν
1230 2970 1293 3028 τοῦ

283 3067 448 3149 αἰσθητοῦ
482 3068 609 3150 κόσμου
640 3069 834 3151 νομίζουσιν
856 3061 949 3132 ,εἶναι
980 3072 1157 3143 καλοῦντες
1188 3066 1298 3133 αὐτὸν

243 3180 341 3254 ιιτῆς
367 3175 599 3255 ’τετραστοίχου
625 3174 721 3237 θεόν·
758 3172 775 3238 ὁ
804 3169 841 3238 δὲ
864 3171 1018 3257 Ῥωμαῖος
1046 3174 1196 3259 Βάρρων,
1213 3173 1295 3260 περὶ

353 3345 377 3381 v.
391 3333 409 3380 4
428 3325 462 3380 cf.
477 3326 581 3380 Iuliani
598 3326 638 3380 im
658 3327 815 3398 ,epistolae
832 3329 1021 3400 fragmentum
1036 3348 1064 3400 p.
1080 3328 1162 3385 2950
1181 3332 1210 3384 et
1228 3329 1289 3400 epi·

283 3396 372 3450 είοΙοο
384 3395 461 3449 XXV
474 3415 501 3467 p.
517 3396 597 3450 ³971)
612 3413 627 3452 e
650 3397 792 3454 ,Hertlein
802 3398 948 3456 Ἰουδαίων
961 3405 998 3473 τῷ
1008 3405 1092 3456 κοινῶ
1107 3400 1191 3456 datae
1205 3400 1292 3456 finem

281 3466 364 3520 huius
379 3466 434 3521 loci
449 3466 624 3521 simillimum
696 3475 729 3523 15
749 3470 881 3542 On'genes
895 3471 999 3527 Philoc.
1014 3455 1129 3526 XXXIII
1201 3477 1234 3526 18
1255 3471 1289 3527 G.

281 3536 380 3606 Wolff,
402 3536 550 3619 lfforphyn'i
568 3538 603 3591 de
625 3538 804 3610 philosophia
827 3559 860 3596 ex
882 3541 1002 3596 oraculis
1024 3541 1179 3597 haurienda
1201 3542 1289 3597 libro·

280 3625 342 3660 rum
369 3607 507 3676 rehqmae
553 3614 628 3661 ‚142
736 3617 769 3663 21
790 3612 824 3665 cf.
847 3611 898 3667 Gu.
921 3613 999 3667 Kroll
1022 3613 1066 3667 Or.
1091 3612 1188 3669 Chald.
1210 3632 1237 3684 p.
1254 3619 1292 3668 1ss

282 3683 316 3731 25
334 3676 437 3733 Varro:
457 3679 491 3732 of.
537 3678 628 3733 acrob.
649 3679 706 3734 Sat.
724 3681 745 3749 1,
766 3686 807 3750 18,
822 3689 854 3736 21

352 3835 375 3871 v.
392 3825 404 3871 1
426 3819 441 3872 6
461 3818 492 3873 δὲ
512 3818 661 3886 νουμήνιος
679 3819 719 3889 δὲ,
738 3820 857 3876 alterum
875 3822 907 3878 δὲ
925 3824 977 3879 del.
993 3827 1016 3882 S
