3074 4598
248 433 314 489 XVI
656 431 862 488 PRAEFATIO

251 605 350 666 autin
366 605 466 682 ipsum
483 603 643 665 verbomm
662 603 831 661 contextum
849 601 1010 679 reciperem
1027 599 1069 680 (p.
1084 606 1135 680 64,
1146 608 1174 666 6.
1191 607 1264 680 129,

252 696 303 756 16.
320 697 392 770 163,
400 690 434 773 3)
450 693 550 754 autin
564 693 743 768 apparatum
758 687 882 749 editioni
896 689 1088 752 subornatum
1099 695 1264 775 relegerem

250 780 447 863 (p.107‚17.
474 783 547 856 116,
558 781 610 841 20.
636 774 783 856 120,14)‚
807 781 862 836 aut
884 778 1024 856 denique,
1050 781 1101 841 ubi
1123 784 1262 846 editionis

251 877 282 934 et
305 873 413 934 codicis
435 869 566 930 Parisini
590 885 749 929 consensus
766 866 933 928 levissimus
950 871 1068 929 tanturn
1087 875 1170 949 esset,
1192 874 1262 934 huie

249 960 445 1041 praefationis
475 959 541 1020 loeo
571 975 766 1030 reservarem,
799 955 871 1032 quia
899 956 1029 1018 breviter
1057 979 1106 1020 eos
1136 979 1262 1023 comme-

247 1069 379 1113 morasse
403 1049 477 1108 satis
499 1048 641 1108 haberem
665 1039 707 1128 (p.
732 1046 805 1121 114,
815 1046 844 1104 6.
869 1047 942 1121 150,
951 1043 993 1125 4).

257 1190 259 1195 .
315 1139 419 1216 Neque
448 1157 520 1199 vero
549 1135 787 1214 disquisitionem
815 1134 851 1193 de
879 1133 977 1195 codiee
999 1135 1027 1195 R
1047 1137 1262 1196 instituendam

248 1229 288 1289 ad
313 1227 403 1287 finem
429 1228 635 1306 perduximus,
661 1227 752 1285 immo
779 1224 917 1300 quintum
942 1225 1018 1284 illud
1049 1228 1143 1285 restat
1169 1231 1261 1302 eaput

247 1313 292 1401 (p.
316 1319 367 1391 38,
379 1308 588 1398 22-47,33)
608 1317 731 1392 eiusque
749 1313 930 1393 paragraphi
947 1312 1053 1390 quibus
1076 1313 1259 1374 inscribitur:

248 1411 266 1480 1
291 1404 358 1488 περὶ
380 1407 585 1487 βροομοιλίων,
612 1407 630 1464 2
655 1401 720 1484 περὶ
742 1401 891 1483 βισέξτον,
919 1405 937 1464 3
960 1400 1026 1482 περὶ
1048 1399 1185 1483 γενέσεως
1208 1400 1258 1463 ἆν-

248 1497 387 1578 desinon,
410 1498 430 1555 4
453 1492 521 1575 περὶ
543 1492 706 1571 ποσότητος
727 1501 785 1553 τῶν
807 1489 995 1571 τικτομένων,
1020 1492 1039 1552 5
1063 1489 1127 1573 περὶ
1143 1486 1257 1572 Ἴστρον

245 1593 299 1646 τοῦ
321 1594 470 1663 ποταμοῦ,
495 1586 513 1644 6
537 1580 605 1663 περὶ
627 1579 785 1661 πιπέρεως,
815 1585 833 1641 7
857 1579 923 1661 περὶ
945 1577 1030 1660 ἡλίου
1052 1578 1101 1642 τινὶ
1123 1579 1257 1661 σελήνης,

247 1671 357 1754 8περὶ
383 1680 526 1751 σεισμῶν,
560 1675 577 1733 9
602 1668 670 1748 περὶ
692 1677 842 1747 σκηπτῶν,
876 1669 917 1731 10
939 1667 1005 1748 περὶ
1030 1668 1190 1749 πνρόεντος
1211 1692 1257 1731 ιε·

244 1769 367 1844 ραννοῦ.
422 1779 549 1837 quarum
584 1759 840 1838 paragraphorum
877 1762 1012 1820 octauam
1048 1763 1078 1819 et
1112 1759 1257 1821 decimam

245 1851 350 1913 statim
375 1849 485 1908 referre
512 1866 672 1925 possumus
699 1848 738 1906 ad
759 1846 915 1908 Laurentii
941 1848 1050 1909 librum
1073 1849 1108 1910 de
1131 1851 1257 1911 ostentis

245 1936 296 2019 (of.
318 1936 538 1997 Waohsmuthii
561 1937 723 1998 editionem
745 1937 871 1997 alteram
893 1958 922 2015 p.
944 1937 1033 2014 XLII,
1055 1957 1118 2017 cap.
1138 1941 1188 2000 53.
1213 1941 1255 2000 54

245 2031 277 2090 et
302 2028 353 2088 44.
377 2022 447 2104 45);
480 2027 553 2104 quin
581 2027 673 2086 etiam
700 2045 778 2088 nona
805 2046 925 2104 quoque
951 2029 1155 2106 paragraphus
1183 2048 1255 2106 quo·

244 2117 327 2193 niam
349 2115 533 2175 adverbum
555 2114 618 2175 fere
644 2116 791 2177 eonsentit
818 2135 886 2176 oum
912 2135 946 2176 eo
968 2117 1148 2196 fragmento,
1175 2118 1256 2194 quod

242 2207 276 2267 in
304 2203 454 2282 prioribus
486 2203 667 2264 editionibus
698 2204 768 2264 libri
797 2202 864 2284 περὶ
896 2214 998 2283 μηνῶν
1027 2205 1075 2266 bis
1104 2206 1254 2282 imprime·

243 2294 336 2354 batur
356 2292 416 2367 ΠΙ,
437 2294 476 2352 52
502 2296 534 2351 et
554 2292 608 2368 IV,
625 2295 665 2354 96
692 2285 767 2374 (qua
789 2292 825 2352 de
847 2313 880 2352 re
910 2293 969 2353 dixi
997 2292 1068 2371 Byr.
1098 2294 1194 2354 Ztsoh.
1216 2294 1254 2370 V,

243 2403 273 2461 p.
297 2373 377 2463 412)
396 2381 500 2441 eodem
521 2383 666 2459 pertinet3
691 2383 742 2442 sed
763 2401 812 2457 ee,
836 2382 916 2458 quod
935 2382 1012 2442 hano
1033 2383 1254 2462 paragraphum

242 2472 322 2532 inter
343 2471 511 2549 fragmenta
535 2471 687 2548 quondam
707 2470 783 2531 libro
801 2472 839 2530 de
855 2470 1003 2531 mensibus
1021 2471 1133 2532 tributa
1146 2473 1253 2550 recepi,

242 2561 356 2621 fautum
383 2560 441 2634 est,
472 2560 509 2618 ut
535 2559 563 2618 Β
590 2559 700 2620 codicis
726 2563 798 2619 nota
825 2563 970 2637 appareat
999 2559 1090 2620 etiam
1116 2561 1148 2619 in
1174 2580 1251 2621 mar·

242 2650 311 2728 gine
333 2668 361 2725 p.
382 2648 455 2722 181,
476 2650 504 2708 6.

308 2736 505 2814 Reliquorum
539 2756 609 2797 vero
647 2739 851 2813 excerptorum
886 2736 947 2796 fere
982 2737 1113 2796 omnium
1147 2740 1251 2799 tenore

241 2827 345 2887 statim
368 2826 602 2899 demonstratur,
624 2824 779 2883 librarium
803 2844 839 2883 ea
860 2828 1028 2884 mutuatum
1050 2843 1112 2884 esse
1135 2845 1151 2884 e
1172 2826 1250 2887 libro

241 2915 279 2975 de
307 2914 465 2975 mensibus.
519 2913 667 2990 exscripta
697 2912 774 2971 enim
804 2916 850 2972 est
880 2910 1030 2992 §hotot
1056 2910 1187 2991 βισέξτον
1214 2934 1250 2974 ex

242 3003 380 3065 editionis
402 3003 473 3062 libri
495 3001 542 3062 IH
565 2999 585 3077 ὅ
612 3004 666 3078 10,
692 3000 736 3060 ita
757 3003 794 3059 ut
815 3001 843 3058 R
866 3002 906 3060 sit
926 3001 1005 3060 inter
1027 3000 1148 3075 codices,
1175 3022 1249 3079 quos

240 3113 269 3171 p.
295 3096 351 3167 49,
370 3095 409 3152 21
442 3111 512 3169 app.
540 3090 680 3150 indicavi.
730 3087 752 3166 ἓ
777 3090 796 3148 3
824 3087 890 3169 περὶ
918 3086 1057 3170 γενέσεως
1084 3086 1248 3168 ἀνθρώπου

239 3183 287 3242 est
308 3181 425 3255 mro:
448 3181 504 3241 hoo
526 3180 592 3241 loeo
610 3178 689 3256 Lydi
710 3177 800 3238 verba
822 3196 917 3255 usqne
940 3198 973 3240 eo
995 3178 1112 3256 integra
1130 3184 1249 3239 servata

239 3269 314 3330 mibi
337 3269 529 3344 videbantur,
558 3271 593 3327 ut
615 3267 761 3329 nonnulla
789 3285 805 3325 o
828 3267 927 3328 oodioe
955 3267 983 3326 ll
1003 3267 1193 3327 transferrem
1215 3269 1249 3328 in

238 3359 401 3419 editionem
423 3349 466 3439 (p.
490 3353 601 3436 85,1),
629 3377 697 3417 onrn
718 3357 813 3415 altera
837 3375 871 3415 ex
897 3360 982 3433 parte
1004 3360 1041 3416 ut
1066 3356 1248 3433 interpolata

240 3447 408 3509 omitterem
431 3466 480 3521 ea,
507 3465 586 3523 qnae
610 3449 680 3506 sunt
702 3443 738 3505 de
758 3445 871 3522 plantis
894 3443 1096 3525 ἀμρενογόνοις
1117 3443 1167 3504 καὶ
1189 3450 1246 3524 6η-1

237 3529 401 3616 λοιγόνοις.1
446 3534 465 3612 ξ
489 3537 510 3594 4
533 3533 599 3614 περὶ
626 3533 788 3612 ποσότητος
813 3543 872 3595 τῶν
899 3531 1073 3614 τικτομένων
1099 3534 1247 3595 consentit

238 3743 323 3869 ’18921
344 3740 424 3868 idffi
444 3741 514 3796 feeit
536 3739 744 3809 Krnmbaehor‚
772 3739 838 3794 Sita.
863 3738 923 3796 Ber.
947 3739 997 3795 der
1018 3738 1129 3794 Mnnoh.
1152 3738 1245 3794 ared.

326 3831 353 3884 p.
427 3855 432 3868 .
