3074 4598
527 505 636 560 LIBER
655 503 830 593 QUARTUS.
858 506 1000 564 APRILIS
1203 509 1265 575 123

216 739 219 748 ,
256 653 291 736 οἱ
313 664 350 734 δὲ
370 671 526 744 Φοίνικες
547 649 686 751 βασιλέα
709 665 813 749 φασὶν
836 668 939 739 αὐτὸν
961 667 1119 754 γενέσθαι
1141 670 1265 737 δικαιό·
1279 681 1328 737 XS

257 799 366 858 τατον,
389 775 472 841 ὥστε
495 774 556 856 τῆν
578 768 654 856 περί
678 771 780 836 αὐτοῦ
801 773 904 852 δόξαν
921 781 1093 862 κρείττονα
1110 773 1264 858 γενέσθαι

254 889 318 946 τοῦ
339 883 478 967 χρόνον·
501 877 604 962 ταύτη
619 877 757 960 Κρόνον
777 873 930 958 ἐκβαλεῖν
951 890 1009 966 τῆς
1030 884 1197 966 βασιλείοις
1213 881 1265 947 λέ-

257 1009 358 1070 γεται,
377 982 481 1052 οἱονεὶ
500 982 559 1047 τὸν
572 984 699 1067 χρόνον
715 979 769 1046 καὶ
788 981 849 1064 τὴν
868 982 900 1062 ἐξ
919 986 1022 1053 αὐτοῦ
1040 991 1150 1072 λήθην
1166 984 1265 1074 ὕπερ-

257 1074 380 1177 βαλείν.
415 1089 432 1154 ὁ
447 1085 486 1154 δὲ
497 1089 660 1174 ῆΜηλίας
673 1088 739 1155 ὑπὸ
752 1085 952 1172 Ἀμαλθείας
969 1092 1073 1158 αὐτὸν
1090 1104 1264 1180 τραφῆναι,
1279 1107 1304 1161 X

199 1208 202 1231 ³
256 1190 329 1264 οἷον
352 1196 388 1261 ἐκ
411 1205 468 1280 τῆς
490 1196 673 1281 δυνάμεως,
696 1191 868 1261 τουτέστιν
890 1194 926 1260 ἐκ
949 1205 1005 1281 τῆς
1023 1198 1263 1283 ἀμαλακιστίας.
1291 1231 1304 1271 τ

256 1304 274 1370 ὁ
299 1301 335 1370 δὲ
357 1304 492 1389 Κράτης
518 1303 578 1369 τὸν
600 1304 737 1390 Κρόνον
763 1297 846 1386 φησὶ
870 1305 1026 1379 Σικελίας
1052 1303 1107 1370 καί
1127 1305 1265 1386 Ἰταλίας

255 1408 310 1476 καί
333 1421 392 1478 τοῦ
415 1414 573 1478 πλείστου
595 1408 718 1496 μέρους
740 1417 797 1492 τῆς
818 1408 948 1493 Λιβύης
970 1411 1162 1493 βασιλεῦσαι
1184 1413 1265 1498 ἀπη-

257 1530 332 1604 νῶς,
355 1520 415 1585 τὸν
438 1515 474 1585 δέ
497 1518 619 1584 τούτου
642 1515 720 1582 υἱὸν
741 1514 922 1582 ἐπιθέσθαι
945 1523 991 1605 τῷ
1012 1515 1112 1602 πατρὶ
1134 1516 1188 1583 καὶ
1206 1521 1264 1585 αὐ-

256 1626 315 1692 τὸν
336 1623 399 1711 μὲν
421 1627 469 1703 εἰς
491 1627 631 1710 ἐσχατον
649 1621 764 1689 ἐλάσαι
786 1631 844 1706 τῆς
862 1624 998 1708 δύσεως,
1021 1623 1210 1711 ἡμερώτατα
1227 1622 1264 1692 δὲ
1278 1656 1305 1695 ιο

255 1743 313 1818 τῆς
334 1736 503 1817 βασιλείας
526 1727 779 1815 ἀντιλαβέσθαι,
806 1729 862 1796 καὶ
886 1731 942 1797 διὰ
965 1740 1062 1799 τοῦτο
1085 1739 1264 1818 τιμηθῆναι

255 1840 300 1916 ὡς
321 1841 413 1905 θεόν.
453 1835 698 1924 Ἐρατοσθένης
720 1861 757 1919 γε
778 1837 846 1922 μὴν
868 1840 929 1904 τὸν
945 1844 1014 1905 Διά
1037 1838 1074 1903 ἐν
1094 1849 1132 1926 τη
1151 1841 1263 1927 Κρήτη

251 1952 411 2029 τεχθῆναι
435 1944 537 2026 λέγει,
562 1942 720 2009 κάκεῖθεν
742 1944 799 2010 διδ
821 1945 881 2010 τὸν
904 1946 1039 2031 Κρόνου
1062 1947 1170 2029 φόβον
1190 1968 1264 2030 μετ-

255 2055 431 2134 ενεχθῆναι
460 2050 508 2124 είς
530 2048 655 2127 Νάξον.
701 2049 857 2132 Εὔμηλος
884 2045 921 2114 δὲ
948 2049 1173 2134 όΚορίνθιος
1203 2054 1263 2119 τὸν
1370 2066 1373 2074 “

253 2157 322 2220 Δία
349 2155 387 2220 ἐν
414 2164 453 2240 τῆ
480 2152 558 2219 καθ’
580 2153 666 2238 ἡμᾶς
691 2155 802 2239 Λυδίᾳ
829 2161 987 2239 τεχθῆναι
1014 2155 1181 2241 βούλεται,
1206 2157 1262 2224 καὶ
1276 2186 1302 2228 1⁶

254 2267 380 2346 μᾶλλον
410 2259 569 2345 ἀληθεύει
600 2261 682 2327 ὅσον
709 2258 745 2325 ἐν
774 2260 917 2347 ἱστορίᾳ·
949 2263 997 2327 ἐτι
1027 2262 1089 2346 γὰρ
1119 2257 1173 2327 καὶ
1198 2273 1263 2328 νῦν

251 2368 337 2453 πρὸς
368 2375 414 2455 τῷ
447 2370 572 2454 δυτικῷ
608 2376 666 2451 τῆς
698 2366 900 2452 Σαρδιανῶν
932 2370 1058 2445 πόλεως
1089 2367 1179 2456 μέρει
1209 2368 1257 2435 ἐπ’

251 2473 435 2559 ἀκρωρείας
466 2468 527 2539 τοῦ
561 2463 702 2558 Τμώλου
733 2474 833 2550 τόπος
865 2470 970 2558 ἐστίν,
1003 2472 1040 2551 ὃς
1070 2475 1171 2541 πάλαι
1201 2472 1262 2560 μέν

255 2576 359 2645 Γοναὶ
381 2579 467 2657 Διὸς
489 2579 617 2663 ὑετίου,
645 2587 710 2644 νῦν
733 2575 770 2645 δὲ
792 2583 1057 2664 παρατραπείσης
1083 2587 1129 2669 τῷ
1154 2583 1261 2670 χρόνῳ

252 2696 310 2770 τῆς
342 2684 458 2765 λε’ξειος
484 2685 634 2752 Δεόσιον
664 2685 955 2773 προσαγορεύεται.
1007 2687 1151 2770 φύλακες
1177 2683 1301 2772 ῆσανιο

254 2793 286 2859 ολ
308 2793 487 2878 Κούρητες.
533 2794 630 2859 όίλλοι
650 2791 861 2879 Προμηθέως
883 2790 987 2877 φασὶν
1009 2787 1094 2859 εἶναι
1117 2795 1192 2860 υίὸν
1214 2797 1262 2862 ολ-

254 2897 323 2965 ονεὶ
353 2909 409 2982 τῆς
435 2902 604 2986 προνοίας.
651 2901 684 2966 οί
707 2894 744 2966 δὲ
766 2905 916 2966 πλεῖστοι
942 2912 1009 2965 τῶν
1031 2889 1182 2985 φυσικῶν
1203 2904 1262 2970 τὸν

251 3006 321 3070 Δία
338 3002 464 3070 Ἰδαῖον
487 3001 573 3071 εἶναι
596 3007 776 3091 βούλονται
801 3004 857 3070 καί
884 3012 1043 3090 τεχθῆναι
1066 3005 1103 3072 έν
1125 3017 1163 3094 τῆ
1179 3007 1259 3096 Ἴδη,

252 3109 423 3175 τουτέστιν
445 3111 482 3177 έν
505 3120 551 3200 τῷ
575 3113 666 3198 παρὰ
679 3109 753 3199 Ἴδη
780 3110 936 3199 ὁρωμένῳ
960 3111 1100 3200 οὐρανῷ.
1145 3123 1201 3198 τῆς
1222 3099 1261 3181 δὲ

321 3266 346 3302 v.
367 3255 381 3301 7
407 3247 504 3304 crates
532 3249 602 3306 ibid
628 3250 682 3322 frg.
702 3255 718 3304 9
826 3256 859 3304 12
878 3249 1077 3306 Eratosthenes
1103 3250 1206 3307 Gatast
1225 3257 1259 3307 30

253 3323 287 3372 14
304 3318 437 3373 Eumelus
454 3319 508 3391 frg
522 3319 601 3375 XVII
618 3318 832 3375 Marckscheffel

321 3461 346 3496 v.
363 3450 376 3496 1
398 3441 440 3497 ὅτι
458 3443 486 3498 οί
505 3441 632 3516 φοίνικες
649 3441 698 3498 δία
716 3442 780 3499 τινὰ
798 3442 931 3514 γενέσθαι
949 3445 1020 3514 φασδ
1038 3444 1152 3517 βασιλέα
1167 3456 1260 3503 τοσοῦ-

250 3533 300 3568 τον
318 3511 498 3569 δικαιότατον
512 3523 578 3569 -4
597 3514 803 3639 δπερβαλείνδ
873 3515 1043 3587 3ταότη-
1010 3517 1143 3573 -4τδν
1160 3515 1260 3589 χρόνον

250 3583 330 3640 omis.
345 3586 373 3640 Β
398 3587 403 3656 Ι
427 3586 476 3640 καλ
493 3584 580 3656 ταότη
598 3585 649 3656 Sl
674 3580 857 3667 ἔκβάλλεινβ
925 3592 1010 3642 λτοῦ
1033 3584 1135 3658 χρόνον
1153 3590 1259 3730 vabv

250 3652 404 3746 χρόνονὸ
498 3660 569 3710 όΜ
566 3653 675 3726 ηλισίας
697 3655 730 3711 ei.
749 3655 873 3711 Creuzer.
902 3655 1028 3728 υιιἎμέλ
981 3655 1087 3728 μέλιοςθ
1115 3658 1149 3722 cf.

251 3725 339 3796 δόμα
340 3724 423 3781 λακία
425 3727 486 3795 ςΧ,
502 3743 570 3782 corr.
566 3677 625 3782 ηΒι·
671 3724 1120 3802 9πείθευθαιΧ,ἐπιθέοθαιΒυ
1165 3736 1196 3785 11
1211 3733 1258 3786 καί

249 3747 406 3853 αὐτόνδιὰ
427 3806 509 3854 τοῦτο
529 3799 575 3867 Β
593 3799 641 3853 καί
665 3796 697 3853 δὲ
716 3804 797 3853 τοῦτο
816 3800 844 3853 A
917 3804 950 3852 17
969 3796 1045 3868 μένει
1063 3800 1106 3871 X,
1130 3799 1259 3871 μέρειΒν

253 3872 286 3922 18
304 3870 423 3938 τιμὼλου
440 3869 467 3925 A
540 3841 574 3923 Ξθ
593 3867 677 3939 ηδιον
694 3870 730 3937 A,
749 3869 843 3924 ίδαῖον
862 3870 890 3923 Β
962 3876 996 3924 24
1014 3845 1106 3940 ἥδιον
1114 3872 1149 3941 A,
1168 3871 1214 3944 ίδη
1230 3873 1259 3928 Β
