3074 4598
483 519 592 576 LIBER
612 517 789 584 QUARTUS.
818 519 932 575 MAIUS
1149 520 1210 584 127

199 710 266 752 των
296 685 334 751 έν
368 687 493 771 Τιμαίῳ
525 683 645 764 φησίν,
678 677 803 766 ἐμφερῆ
835 684 897 767 τῆν
928 683 1123 765 συνεκτικὴν
1152 692 1212 748 τοῦ
1225 689 1257 762 Χ,Δ

200 791 323 868 παντὸς
347 789 554 855 ἐνδείκνυται
572 783 674 862 τάξιν.
720 789 902 856 λείπεταιό
920 788 1075 874 πέμπτος,
1097 788 1212 853 Μάῑον

201 894 238 964 δὲ
260 897 365 963 αὐτὸν
387 896 420 961 οἱ
434 893 584 976 Ῥωμαῖοι
606 894 776 956 καλοῦσιν.
818 891 930 979 ἐπειδὴ
953 894 1001 978 δέ,
1024 895 1069 971 ὡς
1090 895 1212 959 πολλά-

199 1028 251 1081 κις
274 1005 460 1089 εἰρήκαμεν,
483 996 501 1062 δ
524 1007 582 1082 τῆς
604 997 767 1074 πεντάδος
785 997 928 1085 ἀριθμὸς
946 1013 1013 1068 τῶν
1030 999 1212 1086 θειοτέραν

200 1113 281 1176 κατά
311 1108 372 1172 τὸν
394 1104 554 1170 Ἡσίοδον
583 1105 792 1189 κεχώρισται,
826 1106 911 1183 εἰκὸς
939 1102 982 1190 ἦν
1011 1108 1114 1174 αὐτὸν
1142 1117 1212 1183 τοῖς
1236 1126 1250 1183 5

200 1210 447 1299 κατοιχομένοις
469 1209 731 1297 ἀπονεμηδῆναι.
776 1208 879 1295 ἡγὰρ
900 1216 1019 1291 πεντάς
1037 1225 1076 1302 τῆ
1095 1215 1212 1298 αἱσδη-

201 1332 240 1407 τῆ
264 1320 365 1405 φύσει
388 1317 566 1403 ἀνάκειται,
590 1326 716 1402 σφαῖρα
738 1316 803 1402 γάρ
827 1315 929 1382 ἐστιν·
952 1317 1065 1396 ὁσάκις
1083 1321 1146 1408 γάρ
1170 1319 1212 1386 ἀν

202 1427 262 1491 τὸν
283 1423 382 1492 πέντε
404 1425 656 1510 πολυπάασιάσῆ
680 1448 730 1501 τις
749 1422 905 1508 ἀριθμόν,
929 1424 975 1500 εἰς
995 1422 1114 1490 ἑαυτὸν
1131 1426 1212 1493 ἀπο-

201 1536 448 1619 καταστῆσεται·
478 1530 533 1596 καὶ
563 1533 627 1617 γὰρ
657 1530 675 1596 ὁ
703 1528 804 1606 πέντε,
827 1531 1053 1617 παρεπόμενος
1080 1542 1149 1608 τοῖς
1176 1531 1213 1598 έν

203 1643 326 1725 πλῆθει
350 1639 507 1726 ἀριθμοῖς
529 1640 576 1716 είς
596 1638 658 1721 τῆν
675 1637 781 1722 αὐτὴν
798 1636 853 1703 καὶ
871 1638 1212 1721 πολυπλασιαζόμενος
1225 1657 1251 1698 ιο

202 1752 379 1833 καταλήγει
401 1749 574 1830 ποσότητα
619 1741 675 1811 καὶ
698 1746 806 1823 ἀλλος
832 1742 869 1812 δὲ
892 1747 1045 1831 φαίνεται
1067 1747 1212 1829 φυσικῆν

205 1877 281 1918 τινα
304 1854 450 1936 δύναμιν
477 1850 514 1916 ἐν
541 1839 692 1939 ἑαυτῷό
719 1850 818 1918 πέντε
844 1853 1031 1939 περιλαβὼν
1059 1852 1211 1938 ἀρνδμός·

204 1970 271 2024 τῶν
294 1959 358 2042 γάρ
383 1958 420 2023 έν
441 1957 568 2040 γενέσει
591 1958 624 2036 ἐξ
652 1958 770 2042 ἀρτίου
797 1958 852 2024 καὶ
874 1968 1029 2045 περιττοῦ
1052 1960 1212 2026 συνεστόν

203 2088 286 2147 τον,
308 2051 419 2141 αὐτὸς
451 2060 536 2129 εἶναι
568 2074 719 2141 τοιοῦτος
749 2063 898 2150 πέφυκεν
929 2065 965 2131 ἐκ
994 2067 1128 2151 τριάδος
1156 2063 1210 2131 καὶ

203 2170 326 2247 δυάδος
350 2173 583 2255 συναγόμενος.
628 2170 731 2258 ταύτῃ
754 2181 840 2254 γοῦν
862 2183 932 2249 ταῖς
949 2185 1017 2238 τῶν
1034 2175 1209 2259 προγόνων
1222 2175 1302 2230 XHS

201 2287 310 2362 τιμαῖς
338 2276 370 2343 οἱ
394 2275 543 2362 Ῥωμαῖοι
573 2277 632 2342 τὸν
658 2276 808 2362 πέμπτον
840 2277 1003 2365 ἀνέφερον
1031 2288 1132 2364 μῆνα,
1164 2285 1210 2365 τῷ
1223 2299 1250 2339 1⁶

202 2380 263 2469 μὲν
285 2383 388 2470 ἀρτίῳ
411 2385 489 2461 τοὺς
511 2381 767 2469 κατοιχομένους
789 2396 954 2470 τιμῶντες,
978 2394 1023 2474 τῷ
1046 2382 1084 2451 δὲ
1100 2407 1210 2470 περιτ-

203 2498 249 2577 τῷ
271 2492 351 2567 τοὺς
374 2493 423 2556 ἔτι
446 2489 662 2573 σωζομένους·
690 2490 772 2574 μετά
794 2491 857 2576 γὰρ
882 2493 985 2569 θεοὺς
1007 2491 1069 2577 οὐχ
1091 2491 1250 2574 ῆττοναΧ

202 2597 302 2680 τιμὴν
338 2607 409 2672 τοῖς
445 2593 571 2662 ἑαυτῶν
606 2599 786 2682 προγόνοις
822 2597 996 2684 εἰσέφερον
1031 2599 1064 2664 οἱ
1094 2599 1209 2662 πάλαι·
1223 2616 1249 2657 ιο

203 2706 339 2788 μαίορες
363 2699 401 2768 δὲ
423 2705 500 2781 τοῦς
521 2705 709 2790 προγόνους
730 2707 876 2789 πατρίως
899 2710 1077 2782 καλοῦντες
1096 2704 1246 2784 Μάϊονδ

203 2811 264 2876 τὸν
286 2819 375 2895 μῆνα
398 2809 433 2875 ἐκ
455 2819 513 2893 τῆς
535 2809 672 2876 ἐκείνων
694 2820 789 2896 τιμῆς
811 2809 994 2897 ὠνόμασαν.
1031 2813 1073 2883 ,οἱ
1092 2806 1128 2876 δὲ
1146 2809 1249 2875 ἀπὸΧ

203 2925 260 3000 τῆς
274 2920 389 2993 Μαίας
401 2925 459 3001 τῆς
467 2915 647 2994 Ἀτλαντος
660 2926 717 3001 τῆς
731 2916 854 3004 Ἑρμοῦ
866 2919 1029 3003 <μητρὸς>
1044 2916 1210 2997 ἀξιοῦντες

239 3061 247 3090 ²
274 3108 299 3145 v.
315 3096 331 3144 ὅ
350 3088 488 3144 Hesiodus
508 3088 557 3159 Op.
578 3091 607 3144 et
621 3074 691 3143 'Dies
707 3108 733 3144 v.
747 3095 798 3144 802

273 3267 299 3302 v.
316 3255 348 3302 15
368 3245 411 3303 ότι
426 3259 487 3311 ταῖς
499 3257 555 3303 τῶν
568 3246 764 3320 προγόνων-
778 3254 810 3303 21
829 3258 908 3320 τιμῆς
921 3247 1070 3319 ὠνόμασαν
1083 3248 1111 3318 S,
1129 3249 1211 3319 μάϊος

205 3317 260 3373 ἀπὸ
278 3327 329 3374 τοῦ
388 3318 468 3381 ιάδος
486 3319 578 3388 ἑρμοῦ,
597 3315 620 3374 ὦ
634 3320 682 3374 καὶ
695 3318 842 3374 ἀνάκειται
856 3320 893 3382 ὡς
906 3320 945 3383 είς
958 3319 1040 3390 τιμὴν
1052 3328 1102 3389 τῆς
1114 3339 1209 3391 γερου·

204 3386 267 3451 σίας
288 3393 341 3444 τεδ
356 3409 420 3453 ντος
445 3389 479 3457 Υ,
507 3389 578 3446 κατδι
600 3389 651 3445 τόν
673 3388 758 3459 μάϊον
779 3391 844 3454 τοῦς
868 3391 960 3446 αὐτῶν
980 3388 1136 3461 προγόνους
1157 3388 1210 3460 δο-

182 3501 185 3506 -
205 3469 282 3528 μαίοι
291 3469 431 3530 τιμῶντες,
445 3457 546 3530 μαίους
558 3459 590 3516 δέ
603 3461 669 3523 τοῦς
682 3458 839 3531 προγόνους
851 3459 972 3529 πατρίως
985 3465 1107 3530 καλοῦσι,
1125 3461 1210 3531 μάϊον

204 3530 253 3586 τόν
271 3539 347 3602 μῆνα
366 3529 396 3586 ἐκ
409 3540 459 3602 τῆς
476 3528 590 3588 ἐκείνων
603 3539 682 3602 τιμῆς
700 3529 856 3601 ὠνόμασαν.
892 3532 919 3586 οὶ
937 3530 969 3586 δὲ
987 3532 1043 3588 ἀπὸ
1060 3540 1109 3602 τῆς
1126 3532 1211 3601 μαίας
1299 3556 1302 3563 ι

205 3599 290 3670 μάὶον
302 3610 403 3657 τοῦτον
418 3600 613 3674 ὀνομασθῆναί
627 3619 714 3672 φασιν
727 3603 762 3658 Η
771 3601 791 3656 f.
803 3609 868 3666 165'
937 3607 970 3657 18
990 3601 1100 3674 μετδι-
1111 3609 1143 3660 19
1157 3601 1209 3658 τιά-

205 3675 250 3727 λαι
269 3671 391 3728 omis.S
461 3679 493 3728 19
513 3672 613 3729 ἑαυτὸν
631 3674 659 3727 Β
695 3675 722 3729 οἱ
740 3672 945 3743 πάλαι··μάί·ον
964 3673 995 3729 δὲ
1013 3681 1088 3744 μῆνα
1110 3673 1140 3729 έιι
1161 3683 1210 3744 τῆς

204 3742 319 3800 ἐκείνων
329 3751 413 3815 τιμῆς
425 3743 583 3814 ὠνόμασαν,
596 3763 668 3814 πατρ
682 3765 719 3807 (ος
731 3747 879 3808 καλοῦντες
891 3745 941 3815 τὴν
956 3744 1051 3815 τιμῆν·
1068 3744 1095 3800 οἱ
1108 3744 1140 3801 δὲ
1154 3747 1208 3816 (22)

204 3815 297 3941 {W
317 3820 352 3869 20
369 3817 553 3872 ΠΙΑΟΙΝΠΕ(
571 3815 599 3884 S,
623 3813 736 3885 μαίορες
753 3815 852 3886 scripsi
874 3836 880 3859 ³
932 3821 965 3869 22
985 3815 1127 3890 (μητρδς>
1145 3816 1208 3872 τόδ.

231 3930 236 3941 .
289 3901 392 3942 ιοεουο
518 3927 520 3933 .
