<?xml version="1.0" encoding="UTF-8"?>
<!DOCTYPE html PUBLIC "-//W3C//DTD XHTML 1.0 Transitional//EN"
    "http://www.w3.org/TR/xhtml1/DTD/xhtml1-transitional.dtd">
<html xmlns="http://www.w3.org/1999/xhtml" xml:lang="en" lang="en">
 <head>
  <title>
</title>
<meta http-equiv="Content-Type" content="text/html;charset=utf-8" />
  <meta name='ocr-system' content='tesseract 3.04.00' />
  <meta name='ocr-capabilities' content='ocr_page ocr_carea ocr_par ocr_line ocrx_word'/>
</head>
<body>
  <div class='ocr_page' id='page_1' title='image "./ioannislaurenti00wuengoog_0242.png"; bbox 0 0 3074 4598; ppageno 0'>
   <div class='ocr_carea' id='block_1_1' title="bbox 537 498 1267 568">
    <p class='ocr_par' dir='ltr' id='par_1_1' title="bbox 537 498 1267 568">
     <span class='ocr_line' id='line_1_1' title="bbox 537 498 1267 568; baseline -0.01 -8"><span class='ocrx_word' id='word_1_1' title='bbox 537 502 646 560; x_wconf 77' lang='lat' dir='ltr'>LIBER</span> <span class='ocrx_word' id='word_1_2' title='bbox 664 499 841 568; x_wconf 81' lang='lat' dir='ltr'><strong>QUARTUS.</strong></span> <span class='ocrx_word' id='word_1_3' title='bbox 867 498 991 556; x_wconf 78' lang='lat' dir='ltr'>IUNIUS</span> <span class='ocrx_word' id='word_1_4' title='bbox 1204 498 1267 564; x_wconf 77' lang='grc'><strong><em>137</em></strong></span> 
     </span>
    </p>
   </div>
   <div class='ocr_carea' id='block_1_2' title="bbox 253 658 1338 2876">
    <p class='ocr_par' dir='ltr' id='par_1_2' title="bbox 260 658 1338 1495">
     <span class='ocr_line' id='line_1_2' title="bbox 260 658 1338 757; baseline -0.006 -21"><span class='ocrx_word' id='word_1_5' title='bbox 260 677 306 757; x_wconf 75' lang='grc' dir='ltr'><strong><em>τῷ</em></strong></span> <span class='ocrx_word' id='word_1_6' title='bbox 328 669 540 754; x_wconf 78' lang='grc' dir='ltr'><em>Καπετωλίῳ,</em></span> <span class='ocrx_word' id='word_1_7' title='bbox 561 665 697 729; x_wconf 87' lang='grc' dir='ltr'><strong><em>πάντων</em></strong></span> <span class='ocrx_word' id='word_1_8' title='bbox 719 660 804 745; x_wconf 85' lang='grc' dir='ltr'><strong><em>ὁμοῦ</em></strong></span> <span class='ocrx_word' id='word_1_9' title='bbox 822 660 989 748; x_wconf 89' lang='grc' dir='ltr'><strong><em>Ῥωμαίων</em></strong></span> <span class='ocrx_word' id='word_1_10' title='bbox 1010 660 1130 737; x_wconf 88' lang='grc' dir='ltr'><strong><em>ύδατος</em></strong></span> <span class='ocrx_word' id='word_1_11' title='bbox 1152 658 1185 740; x_wconf 77' lang='grc' dir='ltr'><strong><em>ἐξ</em></strong></span> <span class='ocrx_word' id='word_1_12' title='bbox 1209 658 1267 728; x_wconf 79' lang='grc' dir='ltr'><strong><em>ἕω·</em></strong></span> <span class='ocrx_word' id='word_1_13' title='bbox 1280 674 1338 730; x_wconf 82' lang='grc' dir='ltr'><strong><em>ΧΗ</em></strong></span> 
     </span>
     <span class='ocr_line' id='line_1_3' title="bbox 260 766 1267 858; baseline -0.007 -16"><span class='ocrx_word' id='word_1_14' title='bbox 260 783 359 858; x_wconf 78' lang='grc' dir='ltr'><strong><em>δινής</em></strong></span> <span class='ocrx_word' id='word_1_15' title='bbox 395 768 651 857; x_wconf 70' lang='grc' dir='ltr'><em>ἀπογενομένων</em></span> <span class='ocrx_word' id='word_1_16' title='bbox 686 776 817 852; x_wconf 76' lang='grc' dir='ltr'><strong><em>ψυχροῦ</em></strong></span> <span class='ocrx_word' id='word_1_17' title='bbox 852 769 936 855; x_wconf 87' lang='grc' dir='ltr'><strong><em>πρὸς</em></strong></span> <span class='ocrx_word' id='word_1_18' title='bbox 976 766 1128 853; x_wconf 85' lang='grc' dir='ltr'><strong><em>φυλακήν</em></strong></span> <span class='ocrx_word' id='word_1_19' title='bbox 1163 769 1267 835; x_wconf 90' lang='grc' dir='ltr'><strong><em>νόσου</em></strong></span> 
     </span>
     <span class='ocr_line' id='line_1_4' title="bbox 260 871 1307 960; baseline -0.008 -12"><span class='ocrx_word' id='word_1_20' title='bbox 260 882 417 959; x_wconf 79' lang='grc' dir='ltr'><strong><em>παντοίας</em></strong></span> <span class='ocrx_word' id='word_1_21' title='bbox 438 876 494 944; x_wconf 81' lang='grc' dir='ltr'><strong><em>καλ</em></strong></span> <span class='ocrx_word' id='word_1_22' title='bbox 517 875 743 960; x_wconf 73' lang='grc' dir='ltr'><strong><em>διαφερόντως</em></strong></span> <span class='ocrx_word' id='word_1_23' title='bbox 764 873 980 959; x_wconf 84' lang='grc' dir='ltr'><strong><em>ποδαλγικής,</em></strong></span> <span class='ocrx_word' id='word_1_24' title='bbox 1008 874 1053 952; x_wconf 82' lang='grc' dir='ltr'><strong><em>ὡς</em></strong></span> <span class='ocrx_word' id='word_1_25' title='bbox 1078 871 1097 939; x_wconf 83' lang='grc' dir='ltr'>ὁ</span> <span class='ocrx_word' id='word_1_26' title='bbox 1123 873 1307 959; x_wconf 82' lang='grc' dir='ltr'><strong><em>γρησμὸςΧ</em></strong></span> 
     </span>
     <span class='ocr_line' id='line_1_5' title="bbox 261 977 1268 1073; baseline -0.007 -19"><span class='ocrx_word' id='word_1_27' title='bbox 261 986 425 1073; x_wconf 91' lang='grc' dir='ltr'><strong><em>έβούλετο,</em></strong></span> <span class='ocrx_word' id='word_1_28' title='bbox 443 981 498 1048; x_wconf 80' lang='grc' dir='ltr'><strong><em>καὶ</em></strong></span> <span class='ocrx_word' id='word_1_29' title='bbox 517 982 600 1047; x_wconf 79' lang='grc' dir='ltr'><strong><em>ὥστε</em></strong></span> <span class='ocrx_word' id='word_1_30' title='bbox 619 981 663 1064; x_wconf 85' lang='grc' dir='ltr'><strong><em>μή</em></strong></span> <span class='ocrx_word' id='word_1_31' title='bbox 682 978 844 1064; x_wconf 75' lang='grc' dir='ltr'><em>διδύμους</em></span> <span class='ocrx_word' id='word_1_32' title='bbox 860 977 881 1062; x_wconf 79' lang='grc' dir='ltr'>ἢ</span> <span class='ocrx_word' id='word_1_33' title='bbox 900 982 1092 1067; x_wconf 73' lang='grc' dir='ltr'><strong><em>τερατώδεις</em></strong></span> <span class='ocrx_word' id='word_1_34' title='bbox 1109 978 1268 1064; x_wconf 74' lang='grc' dir='ltr'><strong><em>γενέσθαι</em></strong></span> 
     </span>
     <span class='ocr_line' id='line_1_6' title="bbox 261 1082 1332 1174; baseline -0.004 -16"><span class='ocrx_word' id='word_1_35' title='bbox 261 1096 338 1171; x_wconf 83' lang='grc' dir='ltr'><strong><em>τοὺς</em></strong></span> <span class='ocrx_word' id='word_1_36' title='bbox 360 1087 523 1164; x_wconf 90' lang='grc' dir='ltr'><strong><em>τοκετούς.</em></strong></span> <span class='ocrx_word' id='word_1_37' title='bbox 567 1087 589 1170; x_wconf 78' lang='grc' dir='ltr'><em>ἡ</em></span> <span class='ocrx_word' id='word_1_38' title='bbox 612 1082 650 1153; x_wconf 75' lang='grc' dir='ltr'><strong><em>δὲ</em></strong></span> <span class='ocrx_word' id='word_1_39' title='bbox 676 1085 812 1168; x_wconf 81' lang='grc' dir='ltr'><strong><em>τοιαύτη</em></strong></span> <span class='ocrx_word' id='word_1_40' title='bbox 835 1089 998 1170; x_wconf 79' lang='grc' dir='ltr'><strong><em>συνήθεια</em></strong></span> <span class='ocrx_word' id='word_1_41' title='bbox 1021 1085 1074 1153; x_wconf 81' lang='grc' dir='ltr'><strong><em>ἐπὶ</em></strong></span> <span class='ocrx_word' id='word_1_42' title='bbox 1092 1085 1269 1174; x_wconf 76' lang='grc' dir='ltr'><strong><em>Ἀδριανοῦ</em></strong></span> <span class='ocrx_word' id='word_1_43' title='bbox 1281 1097 1332 1154; x_wconf 86' lang='lat' dir='ltr'><strong><em>XS</em></strong></span> 
     </span>
     <span class='ocr_line' id='line_1_7' title="bbox 260 1192 1306 1280; baseline -0.003 -15"><span class='ocrx_word' id='word_1_44' title='bbox 260 1200 496 1280; x_wconf 76' lang='grc' dir='ltr'><strong><em>εἰσενήνεκται,</em></strong></span> <span class='ocrx_word' id='word_1_45' title='bbox 527 1193 737 1280; x_wconf 73' lang='grc' dir='ltr'><strong><em>πεμφθείσης</em></strong></span> <span class='ocrx_word' id='word_1_46' title='bbox 767 1192 924 1276; x_wconf 89' lang='grc' dir='ltr'><strong><em>γυναικὸς</em></strong></span> <span class='ocrx_word' id='word_1_47' title='bbox 956 1193 1000 1270; x_wconf 85' lang='grc' dir='ltr'><strong><em>ὡς</em></strong></span> <span class='ocrx_word' id='word_1_48' title='bbox 1032 1193 1133 1261; x_wconf 84' lang='grc' dir='ltr'><strong><em>αὐτὸν</em></strong></span> <span class='ocrx_word' id='word_1_49' title='bbox 1160 1196 1266 1279; x_wconf 85' lang='grc' dir='ltr'><strong><em>Αίγυ-</em></strong></span> <span class='ocrx_word' id='word_1_50' title='bbox 1293 1221 1306 1262; x_wconf 83' lang='grc' dir='ltr'><strong><em>ε</em></strong></span> 
     </span>
     <span class='ocr_line' id='line_1_8' title="bbox 260 1296 1267 1387; baseline -0.004 -17"><span class='ocrx_word' id='word_1_51' title='bbox 260 1306 369 1386; x_wconf 88' lang='grc' dir='ltr'><strong><em>πτίας,</em></strong></span> <span class='ocrx_word' id='word_1_52' title='bbox 401 1302 422 1386; x_wconf 79' lang='grc' dir='ltr'><em>ἣ</em></span> <span class='ocrx_word' id='word_1_53' title='bbox 451 1301 610 1387; x_wconf 77' lang='grc' dir='ltr'><strong><em>ἀφηγεῖτο</em></strong></span> <span class='ocrx_word' id='word_1_54' title='bbox 637 1298 813 1385; x_wconf 81' lang='grc' dir='ltr'><strong><em>τέσσαρσιν</em></strong></span> <span class='ocrx_word' id='word_1_55' title='bbox 835 1296 970 1383; x_wconf 77' lang='grc' dir='ltr'><strong><em>ἡμέραις</em></strong></span> <span class='ocrx_word' id='word_1_56' title='bbox 997 1301 1079 1365; x_wconf 89' lang='grc' dir='ltr'><strong><em>κατά</em></strong></span> <span class='ocrx_word' id='word_1_57' title='bbox 1105 1301 1267 1387; x_wconf 88' lang='grc' dir='ltr'><strong><em>διάστημα</em></strong></span> 
     </span>
     <span class='ocr_line' id='line_1_9' title="bbox 260 1399 1267 1495; baseline 0 -21"><span class='ocrx_word' id='word_1_58' title='bbox 260 1410 377 1474; x_wconf 89' lang='grc' dir='ltr'><strong><em>ἀνισον</em></strong></span> <span class='ocrx_word' id='word_1_59' title='bbox 399 1407 541 1495; x_wconf 84' lang='grc' dir='ltr'><strong><em>τέσσαρα</em></strong></span> <span class='ocrx_word' id='word_1_60' title='bbox 564 1419 685 1492; x_wconf 88' lang='grc' dir='ltr'><strong><em>τεκεῖν,</em></strong></span> <span class='ocrx_word' id='word_1_61' title='bbox 711 1405 792 1489; x_wconf 83' lang='grc' dir='ltr'><strong><em>μετὰ</em></strong></span> <span class='ocrx_word' id='word_1_62' title='bbox 815 1399 852 1470; x_wconf 72' lang='grc' dir='ltr'><strong><em>δέ</em></strong></span> <span class='ocrx_word' id='word_1_63' title='bbox 877 1404 1119 1489; x_wconf 90' lang='grc' dir='ltr'><strong><em>τεσσαράκοντα</em></strong></span> <span class='ocrx_word' id='word_1_64' title='bbox 1145 1406 1267 1491; x_wconf 77' lang='grc' dir='ltr'><strong><em>ἡμέρας</em></strong></span> 
     </span>
    </p>

    <p class='ocr_par' dir='ltr' id='par_1_3' title="bbox 253 1508 1332 2876">
     <span class='ocr_line' id='line_1_10' title="bbox 259 1508 1267 1601; baseline -0.004 -19"><span class='ocrx_word' id='word_1_65' title='bbox 259 1517 296 1581; x_wconf 92' lang='grc' dir='ltr'><strong><em>τὸ</em></strong></span> <span class='ocrx_word' id='word_1_66' title='bbox 319 1514 478 1601; x_wconf 83' lang='grc' dir='ltr'><strong><em>πέμπτον,</em></strong></span> <span class='ocrx_word' id='word_1_67' title='bbox 504 1515 587 1580; x_wconf 88' lang='grc' dir='ltr'><strong><em>κατά</em></strong></span> <span class='ocrx_word' id='word_1_68' title='bbox 609 1513 669 1579; x_wconf 87' lang='grc' dir='ltr'><strong><em>τὸν</em></strong></span> <span class='ocrx_word' id='word_1_69' title='bbox 687 1508 927 1597; x_wconf 77' lang='grc' dir='ltr'><strong><em>Ἀριστοτέλην,</em></strong></span> <span class='ocrx_word' id='word_1_70' title='bbox 954 1510 990 1587; x_wconf 87' lang='grc' dir='ltr'><strong><em>δς</em></strong></span> <span class='ocrx_word' id='word_1_71' title='bbox 1013 1528 1116 1596; x_wconf 91' lang='grc' dir='ltr'><strong><em>φησιν</em></strong></span> <span class='ocrx_word' id='word_1_72' title='bbox 1137 1511 1174 1577; x_wconf 93' lang='grc' dir='ltr'><strong><em>έν</em></strong></span> <span class='ocrx_word' id='word_1_73' title='bbox 1196 1511 1267 1579; x_wconf 84' lang='grc' dir='ltr'><strong><em>τέσ-</em></strong></span> 
     </span>
     <span class='ocr_line' id='line_1_11' title="bbox 260 1613 1300 1710; baseline -0.005 -21"><span class='ocrx_word' id='word_1_74' title='bbox 260 1641 357 1710; x_wconf 90' lang='grc' dir='ltr'><strong><em>σαρσι</em></strong></span> <span class='ocrx_word' id='word_1_75' title='bbox 388 1633 532 1700; x_wconf 74' lang='grc' dir='ltr'><strong><em>τοκετοῖς</em></strong></span> <span class='ocrx_word' id='word_1_76' title='bbox 564 1627 669 1686; x_wconf 87' lang='grc' dir='ltr'><strong><em>είκοσι</em></strong></span> <span class='ocrx_word' id='word_1_77' title='bbox 700 1625 883 1703; x_wconf 80' lang='grc' dir='ltr'><strong><em>κοηθήναι·</em></strong></span> <span class='ocrx_word' id='word_1_78' title='bbox 915 1625 1013 1684; x_wconf 89' lang='grc' dir='ltr'><strong><em>τοῦτο</em></strong></span> <span class='ocrx_word' id='word_1_79' title='bbox 1046 1613 1085 1683; x_wconf 83' lang='grc' dir='ltr'><strong><em>δέ</em></strong></span> <span class='ocrx_word' id='word_1_80' title='bbox 1114 1635 1217 1703; x_wconf 90' lang='grc' dir='ltr'><strong><em>φησιν</em></strong></span> <span class='ocrx_word' id='word_1_81' title='bbox 1248 1620 1300 1687; x_wconf 71' lang='grc' dir='ltr'>όὸ</span> 
     </span>
     <span class='ocr_line' id='line_1_12' title="bbox 255 1722 1306 1816; baseline -0.004 -20"><span class='ocrx_word' id='word_1_82' title='bbox 255 1728 471 1816; x_wconf 88' lang='grc' dir='ltr'><strong><em>Ἡρακλείδης</em></strong></span> <span class='ocrx_word' id='word_1_83' title='bbox 494 1730 700 1814; x_wconf 88' lang='grc' dir='ltr'><strong><em>συμβαίνειν,</em></strong></span> <span class='ocrx_word' id='word_1_84' title='bbox 723 1725 804 1791; x_wconf 82' lang='grc' dir='ltr'><strong><em>ὅταν</em></strong></span> <span class='ocrx_word' id='word_1_85' title='bbox 826 1723 1056 1808; x_wconf 79' lang='grc' dir='ltr'><strong><em>έξακοντισμὸς</em></strong></span> <span class='ocrx_word' id='word_1_86' title='bbox 1078 1722 1130 1802; x_wconf 81' lang='grc' dir='ltr'><strong><em>δλς</em></strong></span> <span class='ocrx_word' id='word_1_87' title='bbox 1151 1723 1172 1809; x_wconf 86' lang='grc' dir='ltr'><strong><em>ή</em></strong></span> <span class='ocrx_word' id='word_1_88' title='bbox 1195 1722 1267 1811; x_wconf 79' lang='grc' dir='ltr'><strong><em>τρὶς</em></strong></span> <span class='ocrx_word' id='word_1_89' title='bbox 1280 1753 1306 1792; x_wconf 88' lang='lat'><strong><em>11</em></strong></span> 
     </span>
     <span class='ocr_line' id='line_1_13' title="bbox 258 1830 1265 1922; baseline -0.003 -20"><span class='ocrx_word' id='word_1_90' title='bbox 258 1835 322 1902; x_wconf 89' lang='grc' dir='ltr'><strong><em>ἀπὸ</em></strong></span> <span class='ocrx_word' id='word_1_91' title='bbox 352 1835 541 1922; x_wconf 80' lang='grc' dir='ltr'><strong><em>ἐγκρατείας</em></strong></span> <span class='ocrx_word' id='word_1_92' title='bbox 569 1831 639 1900; x_wconf 88' lang='grc' dir='ltr'><strong><em>κατ’</em></strong></span> <span class='ocrx_word' id='word_1_93' title='bbox 666 1832 923 1918; x_wconf 81' lang='grc' dir='ltr'><strong><em>ἀναστομώσεως</em></strong></span> <span class='ocrx_word' id='word_1_94' title='bbox 952 1830 1131 1919; x_wconf 83' lang='grc' dir='ltr'><strong><em>εύστοχήση</em></strong></span> <span class='ocrx_word' id='word_1_95' title='bbox 1160 1831 1180 1917; x_wconf 81' lang='grc' dir='ltr'><strong><em>ἣ</em></strong></span> <span class='ocrx_word' id='word_1_96' title='bbox 1210 1830 1265 1899; x_wconf 83' lang='grc' dir='ltr'><strong><em>καὶ</em></strong></span> 
     </span>
     <span class='ocr_line' id='line_1_14' title="bbox 258 1937 1266 2027; baseline 0.001 -22"><span class='ocrx_word' id='word_1_97' title='bbox 258 1951 315 2027; x_wconf 78' lang='grc' dir='ltr'><strong><em>τῆς</em></strong></span> <span class='ocrx_word' id='word_1_98' title='bbox 341 1943 466 2027; x_wconf 81' lang='grc' dir='ltr'><strong><em>μήτρας</em></strong></span> <span class='ocrx_word' id='word_1_99' title='bbox 495 1939 748 2024; x_wconf 77' lang='grc' dir='ltr'><strong><em>έπανοιχθείσης</em></strong></span> <span class='ocrx_word' id='word_1_100' title='bbox 776 1940 856 2023; x_wconf 89' lang='grc' dir='ltr'><strong><em>μετά</em></strong></span> <span class='ocrx_word' id='word_1_101' title='bbox 885 1938 947 2022; x_wconf 86' lang='grc' dir='ltr'><strong><em>τήν</em></strong></span> <span class='ocrx_word' id='word_1_102' title='bbox 977 1937 1140 2025; x_wconf 85' lang='grc' dir='ltr'><strong><em>προτέραν</em></strong></span> <span class='ocrx_word' id='word_1_103' title='bbox 1165 1939 1266 2025; x_wconf 83' lang='grc' dir='ltr'><strong><em>πῆξιν</em></strong></span> 
     </span>
     <span class='ocr_line' id='line_1_15' title="bbox 257 2043 1332 2131; baseline -0.001 -19"><span class='ocrx_word' id='word_1_104' title='bbox 257 2048 340 2113; x_wconf 89' lang='grc' dir='ltr'><strong><em>κατά</em></strong></span> <span class='ocrx_word' id='word_1_105' title='bbox 362 2055 525 2112; x_wconf 90' lang='grc' dir='ltr'><strong><em>τοσοῦτον</em></strong></span> <span class='ocrx_word' id='word_1_106' title='bbox 546 2044 624 2111; x_wconf 76' lang='grc' dir='ltr'><strong><em>καθ’</em></strong></span> <span class='ocrx_word' id='word_1_107' title='bbox 647 2045 728 2111; x_wconf 83' lang='grc' dir='ltr'><strong><em>ὅσον</em></strong></span> <span class='ocrx_word' id='word_1_108' title='bbox 750 2045 769 2110; x_wconf 87' lang='grc' dir='ltr'><strong><em>ό</em></strong></span> <span class='ocrx_word' id='word_1_109' title='bbox 792 2047 922 2122; x_wconf 92' lang='grc' dir='ltr'><strong><em>τοκετὸς</em></strong></span> <span class='ocrx_word' id='word_1_110' title='bbox 944 2043 1129 2131; x_wconf 79' lang='grc' dir='ltr'><strong><em>ἀριδμοῖτο.</em></strong></span> <span class='ocrx_word' id='word_1_111' title='bbox 1173 2046 1225 2112; x_wconf 84' lang='grc' dir='ltr'><strong><em>ὅτι</em></strong></span> <span class='ocrx_word' id='word_1_112' title='bbox 1247 2046 1332 2113; x_wconf 71' lang='grc' dir='ltr'><strong><em>όΧῦ</em></strong></span> 
     </span>
     <span class='ocr_line' id='line_1_16' title="bbox 253 2148 1332 2237; baseline -0.001 -18"><span class='ocrx_word' id='word_1_113' title='bbox 253 2151 393 2229; x_wconf 85' lang='grc' dir='ltr'><strong><em>Ἰούνιος</em></strong></span> <span class='ocrx_word' id='word_1_114' title='bbox 415 2152 483 2237; x_wconf 85' lang='grc' dir='ltr'><strong><em>μὴν</em></strong></span> <span class='ocrx_word' id='word_1_115' title='bbox 505 2148 731 2235; x_wconf 76' lang='grc' dir='ltr'><strong><em>ἀνεπιτήδειος</em></strong></span> <span class='ocrx_word' id='word_1_116' title='bbox 752 2149 836 2234; x_wconf 86' lang='grc' dir='ltr'><strong><em>πρὸς</em></strong></span> <span class='ocrx_word' id='word_1_117' title='bbox 858 2151 998 2235; x_wconf 89' lang='grc' dir='ltr'><strong><em>γάμους,</em></strong></span> <span class='ocrx_word' id='word_1_118' title='bbox 1025 2152 1070 2228; x_wconf 83' lang='grc' dir='ltr'><strong><em>ὡς</em></strong></span> <span class='ocrx_word' id='word_1_119' title='bbox 1091 2153 1131 2216; x_wconf 88' lang='grc' dir='ltr'><strong><em>τά</em></strong></span> <span class='ocrx_word' id='word_1_120' title='bbox 1152 2155 1265 2237; x_wconf 78' lang='grc' dir='ltr'><strong><em>βιβλία</em></strong></span> <span class='ocrx_word' id='word_1_121' title='bbox 1279 2161 1332 2218; x_wconf 82' lang='lat' dir='ltr'><strong><em>HS</em></strong></span> 
     </span>
     <span class='ocr_line' id='line_1_17' title="bbox 258 2250 1306 2346; baseline 0 -21"><span class='ocrx_word' id='word_1_122' title='bbox 258 2271 325 2326; x_wconf 79' lang='grc' dir='ltr'><strong><em>τῶν</em></strong></span> <span class='ocrx_word' id='word_1_123' title='bbox 346 2259 436 2346; x_wconf 80' lang='grc' dir='ltr'><strong><em>παρὰ</em></strong></span> <span class='ocrx_word' id='word_1_124' title='bbox 454 2256 623 2342; x_wconf 90' lang='grc' dir='ltr'><strong><em>Ῥωμαίοις</em></strong></span> <span class='ocrx_word' id='word_1_125' title='bbox 647 2252 763 2342; x_wconf 83' lang='grc' dir='ltr'><strong><em>ίερέων</em></strong></span> <span class='ocrx_word' id='word_1_126' title='bbox 790 2253 890 2338; x_wconf 85' lang='grc' dir='ltr'><strong><em>λέγει·</em></strong></span> <span class='ocrx_word' id='word_1_127' title='bbox 918 2252 1045 2339; x_wconf 79' lang='grc' dir='ltr'><strong><em>ἀληθής</em></strong></span> <span class='ocrx_word' id='word_1_128' title='bbox 1068 2250 1104 2320; x_wconf 73' lang='grc' dir='ltr'><strong><em>δὲ</em></strong></span> <span class='ocrx_word' id='word_1_129' title='bbox 1126 2256 1144 2324; x_wconf 85' lang='grc' dir='ltr'><strong><em>ό</em></strong></span> <span class='ocrx_word' id='word_1_130' title='bbox 1168 2259 1266 2340; x_wconf 82' lang='grc' dir='ltr'><strong><em>λόγος</em></strong></span> <span class='ocrx_word' id='word_1_131' title='bbox 1280 2284 1306 2325; x_wconf 83' lang='grc' dir='ltr'><strong><em>ω</em></strong></span> 
     </span>
     <span class='ocr_line' id='line_1_18' title="bbox 257 2361 1266 2450; baseline -0.006 -17"><span class='ocrx_word' id='word_1_132' title='bbox 257 2364 312 2433; x_wconf 83' lang='grc' dir='ltr'><strong><em>καί</em></strong></span> <span class='ocrx_word' id='word_1_133' title='bbox 334 2366 462 2450; x_wconf 78' lang='grc' dir='ltr'><strong><em>ἀνάγκη</em></strong></span> <span class='ocrx_word' id='word_1_134' title='bbox 483 2373 582 2448; x_wconf 84' lang='grc' dir='ltr'><strong><em>πᾶσα,</em></strong></span> <span class='ocrx_word' id='word_1_135' title='bbox 609 2364 692 2428; x_wconf 88' lang='grc' dir='ltr'><strong><em>κατά</em></strong></span> <span class='ocrx_word' id='word_1_136' title='bbox 714 2362 790 2427; x_wconf 93' lang='grc' dir='ltr'><strong><em>τόδε</em></strong></span> <span class='ocrx_word' id='word_1_137' title='bbox 814 2370 932 2445; x_wconf 88' lang='grc' dir='ltr'><strong><em>καιροῦ</em></strong></span> <span class='ocrx_word' id='word_1_138' title='bbox 955 2361 1132 2444; x_wconf 87' lang='grc' dir='ltr'><strong><em>γινόμενον</em></strong></span> <span class='ocrx_word' id='word_1_139' title='bbox 1153 2379 1266 2427; x_wconf 88' lang='grc' dir='ltr'><strong><em>συνοι-</em></strong></span> 
     </span>
     <span class='ocr_line' id='line_1_19' title="bbox 258 2463 1298 2554; baseline -0.004 -16"><span class='ocrx_word' id='word_1_140' title='bbox 258 2472 370 2540; x_wconf 87' lang='grc' dir='ltr'><strong><em>κέσιον</em></strong></span> <span class='ocrx_word' id='word_1_141' title='bbox 397 2472 456 2538; x_wconf 87' lang='grc' dir='ltr'><strong><em>τὸν</em></strong></span> <span class='ocrx_word' id='word_1_142' title='bbox 483 2470 647 2554; x_wconf 82' lang='grc' dir='ltr'><strong><em>νεώτερον</em></strong></span> <span class='ocrx_word' id='word_1_143' title='bbox 673 2467 867 2551; x_wconf 81' lang='grc' dir='ltr'><strong><em>ἀποβαλεῖν,</em></strong></span> <span class='ocrx_word' id='word_1_144' title='bbox 894 2463 949 2531; x_wconf 80' lang='grc' dir='ltr'><strong><em>καὶ</em></strong></span> <span class='ocrx_word' id='word_1_145' title='bbox 976 2464 1095 2549; x_wconf 88' lang='grc' dir='ltr'><strong><em>ταύτης</em></strong></span> <span class='ocrx_word' id='word_1_146' title='bbox 1119 2465 1182 2549; x_wconf 78' lang='grc' dir='ltr'><strong><em>ἐγὼ</em></strong></span> <span class='ocrx_word' id='word_1_147' title='bbox 1209 2476 1298 2551; x_wconf 71' lang='grc' dir='ltr'><strong><em>τήςῦ</em></strong></span> 
     </span>
     <span class='ocr_line' id='line_1_20' title="bbox 258 2571 1265 2664; baseline -0.009 -19"><span class='ocrx_word' id='word_1_148' title='bbox 258 2579 420 2664; x_wconf 82' lang='grc' dir='ltr'><strong><em>ἐκβάσεως</em></strong></span> <span class='ocrx_word' id='word_1_149' title='bbox 449 2578 603 2662; x_wconf 81' lang='grc' dir='ltr'><strong><em>ἔμπειρός</em></strong></span> <span class='ocrx_word' id='word_1_150' title='bbox 633 2576 714 2659; x_wconf 87' lang='grc' dir='ltr'><strong><em>ελμι,</em></strong></span> <span class='ocrx_word' id='word_1_151' title='bbox 744 2574 805 2658; x_wconf 86' lang='grc' dir='ltr'><strong><em>τήν</em></strong></span> <span class='ocrx_word' id='word_1_152' title='bbox 834 2571 907 2658; x_wconf 82' lang='grc' dir='ltr'><strong><em>έμολ</em></strong></span> <span class='ocrx_word' id='word_1_153' title='bbox 936 2573 1097 2655; x_wconf 90' lang='grc' dir='ltr'><strong><em>φιλτάτην</em></strong></span> <span class='ocrx_word' id='word_1_154' title='bbox 1125 2581 1265 2655; x_wconf 88' lang='grc' dir='ltr'><strong><em>γυναῖκα</em></strong></span> 
     </span>
     <span class='ocr_line' id='line_1_21' title="bbox 258 2676 1306 2769; baseline -0.005 -17"><span class='ocrx_word' id='word_1_155' title='bbox 258 2687 303 2763; x_wconf 80' lang='grc' dir='ltr'><strong><em>ὡς</em></strong></span> <span class='ocrx_word' id='word_1_156' title='bbox 328 2685 426 2769; x_wconf 83' lang='grc' dir='ltr'><strong><em>τάχος</em></strong></span> <span class='ocrx_word' id='word_1_157' title='bbox 452 2681 640 2767; x_wconf 82' lang='grc' dir='ltr'><strong><em>ἀποβαλών.</em></strong></span> <span class='ocrx_word' id='word_1_158' title='bbox 685 2678 737 2746; x_wconf 80' lang='grc' dir='ltr'><strong><em>έπί</em></strong></span> <span class='ocrx_word' id='word_1_159' title='bbox 768 2676 805 2747; x_wconf 72' lang='grc' dir='ltr'><strong><em>δὲ</em></strong></span> <span class='ocrx_word' id='word_1_160' title='bbox 833 2691 921 2764; x_wconf 86' lang='grc' dir='ltr'><strong><em>τρεῖς</em></strong></span> <span class='ocrx_word' id='word_1_161' title='bbox 949 2676 1071 2765; x_wconf 82' lang='grc' dir='ltr'><strong><em>ἡμέρας</em></strong></span> <span class='ocrx_word' id='word_1_162' title='bbox 1100 2677 1160 2744; x_wconf 92' lang='grc' dir='ltr'><strong><em>ούκ</em></strong></span> <span class='ocrx_word' id='word_1_163' title='bbox 1190 2677 1265 2762; x_wconf 79' lang='grc' dir='ltr'><strong><em>ἐξῆν</em></strong></span> <span class='ocrx_word' id='word_1_164' title='bbox 1279 2707 1306 2748; x_wconf 85' lang='grc' dir='ltr'><strong><em>ω</em></strong></span> 
     </span>
     <span class='ocr_line' id='line_1_22' title="bbox 258 2786 913 2876; baseline -0.011 -18"><span class='ocrx_word' id='word_1_165' title='bbox 258 2789 412 2875; x_wconf 79' lang='grc' dir='ltr'><strong><em>γυναιξὶν</em></strong></span> <span class='ocrx_word' id='word_1_166' title='bbox 433 2788 454 2874; x_wconf 84' lang='grc' dir='ltr'><strong><em>ή</em></strong></span> <span class='ocrx_word' id='word_1_167' title='bbox 476 2799 617 2876; x_wconf 83' lang='grc' dir='ltr'><strong><em>καρῆναι</em></strong></span> <span class='ocrx_word' id='word_1_168' title='bbox 639 2786 660 2872; x_wconf 86' lang='grc' dir='ltr'><strong><em>ή</em></strong></span> <span class='ocrx_word' id='word_1_169' title='bbox 684 2787 913 2871; x_wconf 80' lang='grc' dir='ltr'><strong><em>όνυχίσασθαι.</em></strong></span> 
     </span>
    </p>
   </div>
   <div class='ocr_carea' id='block_1_3' title="bbox 329 2975 1136 3048">
    <p class='ocr_par' dir='ltr' id='par_1_4' title="bbox 329 2975 1136 3048">
     <span class='ocr_line' id='line_1_23' title="bbox 329 2975 1136 3048; baseline -0.006 -11"><span class='ocrx_word' id='word_1_170' title='bbox 329 3002 353 3038; x_wconf 87' lang='lat' dir='ltr'><strong><em>v.</em></strong></span> <span class='ocrx_word' id='word_1_171' title='bbox 369 2989 385 3037; x_wconf 83' lang='lat'><strong>9</strong></span> <span class='ocrx_word' id='word_1_172' title='bbox 405 2981 439 3038; x_wconf 80' lang='lat' dir='ltr'><strong><em>cf.</em></strong></span> <span class='ocrx_word' id='word_1_173' title='bbox 454 2981 540 3037; x_wconf 79' lang='lat' dir='ltr'>Arist.</span> <span class='ocrx_word' id='word_1_174' title='bbox 558 2979 627 3036; x_wconf 70' lang='lat' dir='ltr'>hist.</span> <span class='ocrx_word' id='word_1_175' title='bbox 645 2977 834 3048; x_wconf 65' lang='lat' dir='ltr'>anim.V11‚4</span> <span class='ocrx_word' id='word_1_176' title='bbox 852 2995 879 3048; x_wconf 92' lang='lat' dir='ltr'><strong><em>p.</em></strong></span> <span class='ocrx_word' id='word_1_177' title='bbox 894 2975 961 3033; x_wconf 72' lang='lat'><strong>584¹&gt;</strong></span> <span class='ocrx_word' id='word_1_178' title='bbox 974 2982 1007 3031; x_wconf 83' lang='grc'><strong><em>31</em></strong></span> <span class='ocrx_word' id='word_1_179' title='bbox 1026 2975 1136 3032; x_wconf 73' lang='lat' dir='ltr'>Bekker</span> 
     </span>
    </p>
   </div>
   <div class='ocr_carea' id='block_1_4' title="bbox 256 3151 1266 3372">
    <p class='ocr_par' dir='ltr' id='par_1_5' title="bbox 256 3151 1266 3372">
     <span class='ocr_line' id='line_1_24' title="bbox 328 3151 1265 3230; baseline -0.004 -17"><span class='ocrx_word' id='word_1_180' title='bbox 328 3180 351 3215; x_wconf 90' lang='lat' dir='ltr'><strong><em>v.</em></strong></span> <span class='ocrx_word' id='word_1_181' title='bbox 367 3166 383 3213; x_wconf 75' lang='lat'><strong><em>‘2</em></strong></span> <span class='ocrx_word' id='word_1_182' title='bbox 402 3156 617 3230; x_wconf 64' lang='grc' dir='ltr'><strong><em>ἀπογενομένων</em></strong></span> <span class='ocrx_word' id='word_1_183' title='bbox 630 3157 659 3212; x_wconf 87' lang='grc' dir='ltr'><strong><em>Β</em></strong></span> <span class='ocrx_word' id='word_1_184' title='bbox 675 3158 679 3226; x_wconf 93' lang='grc' dir='ltr'>Ι</span> <span class='ocrx_word' id='word_1_185' title='bbox 696 3155 711 3211; x_wconf 85' lang='grc' dir='ltr'><strong><em>ό</em></strong></span> <span class='ocrx_word' id='word_1_186' title='bbox 729 3154 836 3218; x_wconf 87' lang='grc' dir='ltr'><strong><em>λούνιος</em></strong></span> <span class='ocrx_word' id='word_1_187' title='bbox 853 3152 924 3210; x_wconf 73' lang='grc' dir='ltr'><strong><em>ὅθεν</em></strong></span> <span class='ocrx_word' id='word_1_188' title='bbox 942 3151 1093 3223; x_wconf 73' lang='grc' dir='ltr'><strong><em>ὠνομάσθη</em></strong></span> <span class='ocrx_word' id='word_1_189' title='bbox 1116 3155 1148 3209; x_wconf 85' lang='grc' dir='ltr'><strong><em>ού</em></strong></span> <span class='ocrx_word' id='word_1_190' title='bbox 1184 3152 1265 3225; x_wconf 81' lang='grc' dir='ltr'><strong><em>εύρη-</em></strong></span> 
     </span>
     <span class='ocr_line' id='line_1_25' title="bbox 256 3174 1266 3299; baseline -0.005 -14"><span class='ocrx_word' id='word_1_191' title='bbox 256 3251 310 3286; x_wconf 88' lang='grc' dir='ltr'><strong><em>ται.</em></strong></span> <span class='ocrx_word' id='word_1_192' title='bbox 348 3231 419 3299; x_wconf 81' lang='grc' dir='ltr'><strong><em>φασὶ</em></strong></span> <span class='ocrx_word' id='word_1_193' title='bbox 441 3226 486 3297; x_wconf 85' lang='grc' dir='ltr'><strong><em>δέ,</em></strong></span> <span class='ocrx_word' id='word_1_194' title='bbox 512 3226 555 3284; x_wconf 84' lang='grc' dir='ltr'><strong><em>δτι</em></strong></span> <span class='ocrx_word' id='word_1_195' title='bbox 577 3235 610 3297; x_wconf 85' lang='grc' dir='ltr'><strong><em>τή</em></strong></span> <span class='ocrx_word' id='word_1_196' title='bbox 635 3228 728 3296; x_wconf 88' lang='grc' dir='ltr'><strong><em>πρύτη</em></strong></span> <span class='ocrx_word' id='word_1_197' title='bbox 751 3233 801 3281; x_wconf 91' lang='grc' dir='ltr'><strong><em>τοῦ</em></strong></span> <span class='ocrx_word' id='word_1_198' title='bbox 823 3223 932 3281; x_wconf 87' lang='grc' dir='ltr'><strong><em>ίοννίον</em></strong></span> <span class='ocrx_word' id='word_1_199' title='bbox 954 3220 1072 3294; x_wconf 74' lang='grc' dir='ltr'><strong><em>βωμοῖσι</em></strong></span> <span class='ocrx_word' id='word_1_200' title='bbox 1094 3223 1122 3290; x_wconf 74' lang='grc' dir='ltr'><strong><em>ἐξ</em></strong></span> <span class='ocrx_word' id='word_1_201' title='bbox 1144 3174 1266 3295; x_wconf 62' lang='grc' dir='ltr'><strong><em>ύωθινής</em></strong></span> 
     </span>
     <span class='ocr_line' id='line_1_26' title="bbox 257 3292 1265 3372; baseline -0.006 -16"><span class='ocrx_word' id='word_1_202' title='bbox 257 3301 426 3372; x_wconf 89' lang='grc' dir='ltr'><strong><em>ἀπεγεύοντο</em></strong></span> <span class='ocrx_word' id='word_1_203' title='bbox 443 3307 553 3370; x_wconf 79' lang='grc' dir='ltr'><strong><em>ψυχροῦ</em></strong></span> <span class='ocrx_word' id='word_1_204' title='bbox 567 3302 633 3351; x_wconf 82' lang='lat'><strong><em>-8</em></strong></span> <span class='ocrx_word' id='word_1_205' title='bbox 652 3299 822 3366; x_wconf 79' lang='grc' dir='ltr'><strong><em>ποόαλγικής</em></strong></span> <span class='ocrx_word' id='word_1_206' title='bbox 834 3295 871 3350; x_wconf 88' lang='lat' dir='ltr'><strong><em>H</em></strong></span> <span class='ocrx_word' id='word_1_207' title='bbox 883 3294 902 3351; x_wconf 88' lang='lat' dir='ltr'><strong><em>f.</em></strong></span> <span class='ocrx_word' id='word_1_208' title='bbox 919 3300 981 3349; x_wconf 62' lang='grc' dir='ltr'><strong><em>166π</em></strong></span> <span class='ocrx_word' id='word_1_209' title='bbox 1051 3301 1068 3349; x_wconf 81' lang='lat'>4</span> <span class='ocrx_word' id='word_1_210' title='bbox 1087 3292 1220 3365; x_wconf 86' lang='grc' dir='ltr'><strong><em>δνδίμονς</em></strong></span> <span class='ocrx_word' id='word_1_211' title='bbox 1236 3296 1265 3350; x_wconf 75' lang='grc' dir='ltr'><strong><em>Α</em></strong></span> 
     </span>
    </p>
   </div>
   <div class='ocr_carea' id='block_1_5' title="bbox 257 3363 1266 3510">
    <p class='ocr_par' dir='ltr' id='par_1_6' title="bbox 257 3363 1266 3510">
     <span class='ocr_line' id='line_1_27' title="bbox 257 3363 1266 3439; baseline -0.005 -13"><span class='ocrx_word' id='word_1_212' title='bbox 257 3378 273 3426; x_wconf 85' lang='grc' dir='ltr'>ὁ</span> <span class='ocrx_word' id='word_1_213' title='bbox 293 3370 335 3426; x_wconf 83' lang='grc' dir='ltr'><strong><em>ὅτι</em></strong></span> <span class='ocrx_word' id='word_1_214' title='bbox 354 3370 401 3425; x_wconf 81' lang='grc' dir='ltr'><strong><em>έπλ</em></strong></span> <span class='ocrx_word' id='word_1_215' title='bbox 418 3370 557 3438; x_wconf 82' lang='grc' dir='ltr'><strong><em>ἀδριανοῦ</em></strong></span> <span class='ocrx_word' id='word_1_216' title='bbox 576 3365 705 3439; x_wconf 75' lang='grc' dir='ltr'><strong><em>ἀφηγεῖτό</em></strong></span> <span class='ocrx_word' id='word_1_217' title='bbox 723 3386 765 3429; x_wconf 87' lang='grc' dir='ltr'><strong><em>τις</em></strong></span> <span class='ocrx_word' id='word_1_218' title='bbox 783 3363 916 3436; x_wconf 82' lang='grc' dir='ltr'><strong><em>αῖγοπτία</em></strong></span> <span class='ocrx_word' id='word_1_219' title='bbox 933 3364 1004 3436; x_wconf 85' lang='grc' dir='ltr'><strong><em>γονή</em></strong></span> <span class='ocrx_word' id='word_1_220' title='bbox 1022 3368 1182 3435; x_wconf 72' lang='grc' dir='ltr'><strong><em>πεμφθεῖσα</em></strong></span> <span class='ocrx_word' id='word_1_221' title='bbox 1195 3365 1266 3434; x_wconf 84' lang='grc' dir='ltr'><strong><em>πρὸς</em></strong></span> 
     </span>
     <span class='ocr_line' id='line_1_28' title="bbox 257 3435 1265 3510; baseline -0.006 -13"><span class='ocrx_word' id='word_1_222' title='bbox 257 3440 353 3510; x_wconf 78' lang='grc' dir='ltr'><strong><em>αὐτόν,</em></strong></span> <span class='ocrx_word' id='word_1_223' title='bbox 372 3439 414 3496; x_wconf 82' lang='grc' dir='ltr'><strong><em>ὅτι</em></strong></span> <span class='ocrx_word' id='word_1_224' title='bbox 432 3438 577 3509; x_wconf 75' lang='grc' dir='ltr'><strong><em>τέσσαρσιν</em></strong></span> <span class='ocrx_word' id='word_1_225' title='bbox 590 3471 627 3479; x_wconf 97' lang='grc'>-</span> <span class='ocrx_word' id='word_1_226' title='bbox 640 3444 673 3493; x_wconf 75' lang='lat'><strong><em>21</em></strong></span> <span class='ocrx_word' id='word_1_227' title='bbox 693 3435 914 3508; x_wconf 67' lang='grc' dir='ltr'><strong><em>όννγίσασδαιδ</em></strong></span> <span class='ocrx_word' id='word_1_228' title='bbox 982 3441 998 3490; x_wconf 81' lang='grc'><strong>6</strong></span> <span class='ocrx_word' id='word_1_229' title='bbox 1018 3436 1057 3499; x_wconf 87' lang='grc' dir='ltr'><strong><em>είς</em></strong></span> <span class='ocrx_word' id='word_1_230' title='bbox 1070 3436 1155 3493; x_wconf 86' lang='grc' dir='ltr'><strong><em>αύτὸν</em></strong></span> <span class='ocrx_word' id='word_1_231' title='bbox 1167 3457 1265 3508; x_wconf 89' lang='grc' dir='ltr'><strong><em>γνναι-</em></strong></span> 
     </span>
    </p>
   </div>
   <div class='ocr_carea' id='block_1_6' title="bbox 256 3505 1264 3653">
    <p class='ocr_par' dir='ltr' id='par_1_7' title="bbox 256 3505 1264 3653">
     <span class='ocr_line' id='line_1_29' title="bbox 256 3505 1264 3635; baseline -0.006 -67"><span class='ocrx_word' id='word_1_232' title='bbox 256 3514 305 3576; x_wconf 86' lang='grc' dir='ltr'><strong><em>κὸς</em></strong></span> <span class='ocrx_word' id='word_1_233' title='bbox 322 3513 350 3567; x_wconf 89' lang='grc' dir='ltr'><strong><em>Β</em></strong></span> <span class='ocrx_word' id='word_1_234' title='bbox 403 3517 430 3593; x_wconf 39' lang='grc'><strong><em>,9</em></strong></span> <span class='ocrx_word' id='word_1_235' title='bbox 448 3510 498 3567; x_wconf 81' lang='grc' dir='ltr'><strong><em>τόν</em></strong></span> <span class='ocrx_word' id='word_1_236' title='bbox 517 3509 595 3566; x_wconf 80' lang='lat' dir='ltr'><strong>omis.</strong></span> <span class='ocrx_word' id='word_1_237' title='bbox 611 3505 825 3635; x_wconf 45' lang='lat' dir='ltr'><strong><em>Skdfflmffln</em></strong></span> <span class='ocrx_word' id='word_1_238' title='bbox 842 3507 870 3563; x_wconf 77' lang='lat' dir='ltr'><strong><em>A</em></strong></span> <span class='ocrx_word' id='word_1_239' title='bbox 933 3512 966 3561; x_wconf 91' lang='lat'><strong><em>10</em></strong></span> <span class='ocrx_word' id='word_1_240' title='bbox 984 3514 1113 3562; x_wconf 85' lang='grc' dir='ltr'><strong><em>τοῦτο-</em></strong></span> <span class='ocrx_word' id='word_1_241' title='bbox 1129 3513 1162 3562; x_wconf 74' lang='lat'><strong><em>14</em></strong></span> <span class='ocrx_word' id='word_1_242' title='bbox 1180 3508 1264 3578; x_wconf 77' lang='grc' dir='ltr'><strong><em>ἀριθ-</em></strong></span> 
     </span>
     <span class='ocr_line' id='line_1_30' title="bbox 257 3577 1264 3653; baseline -0.005 -14"><span class='ocrx_word' id='word_1_243' title='bbox 257 3593 336 3653; x_wconf 79' lang='grc' dir='ltr'><strong><em>μοῖτο</em></strong></span> <span class='ocrx_word' id='word_1_244' title='bbox 356 3599 435 3638; x_wconf 81' lang='grc' dir='ltr'><strong><em>οωωε.</em></strong></span> <span class='ocrx_word' id='word_1_245' title='bbox 449 3582 482 3637; x_wconf 89' lang='lat' dir='ltr'><strong><em>X</em></strong></span> <span class='ocrx_word' id='word_1_246' title='bbox 543 3587 578 3636; x_wconf 84' lang='lat'><strong><em>14</em></strong></span> <span class='ocrx_word' id='word_1_247' title='bbox 597 3580 650 3636; x_wconf 87' lang='grc' dir='ltr'><strong><em>όδ</em></strong></span> <span class='ocrx_word' id='word_1_248' title='bbox 681 3578 787 3642; x_wconf 88' lang='grc' dir='ltr'><strong><em>λούνιος</em></strong></span> <span class='ocrx_word' id='word_1_249' title='bbox 800 3579 833 3633; x_wconf 88' lang='grc' dir='ltr'>Χ</span> <span class='ocrx_word' id='word_1_250' title='bbox 893 3585 926 3633; x_wconf 79' lang='grc'><strong><em>15</em></strong></span> <span class='ocrx_word' id='word_1_251' title='bbox 945 3577 1058 3649; x_wconf 88' lang='grc' dir='ltr'><strong><em>γάμονς.</em></strong></span> <span class='ocrx_word' id='word_1_252' title='bbox 1086 3581 1137 3634; x_wconf 78' lang='lat' dir='ltr'><strong><em>oet.</em></strong></span> <span class='ocrx_word' id='word_1_253' title='bbox 1153 3578 1210 3634; x_wconf 79' lang='lat' dir='ltr'><strong>des.</strong></span> <span class='ocrx_word' id='word_1_254' title='bbox 1225 3578 1264 3649; x_wconf 86' lang='grc' dir='ltr'><strong><em>Χ,</em></strong></span> 
     </span>
    </p>
   </div>
   <div class='ocr_carea' id='block_1_7' title="bbox 256 3646 1264 3792">
    <p class='ocr_par' dir='ltr' id='par_1_8' title="bbox 256 3646 1264 3792">
     <span class='ocr_line' id='line_1_31' title="bbox 256 3646 1264 3723; baseline -0.007 -13"><span class='ocrx_word' id='word_1_255' title='bbox 256 3652 356 3710; x_wconf 86' lang='grc' dir='ltr'><strong><em>τοῦτόν</em></strong></span> <span class='ocrx_word' id='word_1_256' title='bbox 374 3671 445 3723; x_wconf 91' lang='grc' dir='ltr'><strong><em>φασι</em></strong></span> <span class='ocrx_word' id='word_1_257' title='bbox 466 3653 516 3708; x_wconf 84' lang='grc' dir='ltr'><strong><em>καλ</em></strong></span> <span class='ocrx_word' id='word_1_258' title='bbox 538 3649 735 3719; x_wconf 85' lang='grc' dir='ltr'><strong><em>ἀνεπιτήδειον</em></strong></span> <span class='ocrx_word' id='word_1_259' title='bbox 757 3646 831 3706; x_wconf 78' lang='grc' dir='ltr'><strong><em>εἶναι</em></strong></span> <span class='ocrx_word' id='word_1_260' title='bbox 852 3649 923 3718; x_wconf 87' lang='grc' dir='ltr'><strong><em>πρὸς</em></strong></span> <span class='ocrx_word' id='word_1_261' title='bbox 940 3647 1056 3719; x_wconf 79' lang='grc' dir='ltr'><strong><em>γάμους·</em></strong></span> <span class='ocrx_word' id='word_1_262' title='bbox 1079 3648 1187 3722; x_wconf 81' lang='grc' dir='ltr'><strong><em>ἀνάγκη</em></strong></span> <span class='ocrx_word' id='word_1_263' title='bbox 1211 3648 1264 3720; x_wconf 85' lang='grc' dir='ltr'><strong><em>γάρ</em></strong></span> 
     </span>
     <span class='ocr_line' id='line_1_32' title="bbox 257 3717 1263 3792; baseline -0.005 -12"><span class='ocrx_word' id='word_1_264' title='bbox 257 3733 333 3781; x_wconf 85' lang='grc' dir='ltr'><strong><em>πᾶσα</em></strong></span> <span class='ocrx_word' id='word_1_265' title='bbox 351 3724 383 3779; x_wconf 84' lang='grc' dir='ltr'><strong><em>τὸ</em></strong></span> <span class='ocrx_word' id='word_1_266' title='bbox 401 3722 475 3780; x_wconf 84' lang='grc' dir='ltr'><strong><em>νατά</em></strong></span> <span class='ocrx_word' id='word_1_267' title='bbox 492 3720 574 3780; x_wconf 84' lang='grc' dir='ltr'><strong><em>τόνδε</em></strong></span> <span class='ocrx_word' id='word_1_268' title='bbox 592 3722 643 3777; x_wconf 87' lang='grc' dir='ltr'><strong><em>τὸν</em></strong></span> <span class='ocrx_word' id='word_1_269' title='bbox 655 3720 755 3791; x_wconf 82' lang='grc' dir='ltr'><strong><em>καιρὸν</em></strong></span> <span class='ocrx_word' id='word_1_270' title='bbox 768 3717 918 3792; x_wconf 86' lang='grc' dir='ltr'><strong><em>γενόμενον</em></strong></span> <span class='ocrx_word' id='word_1_271' title='bbox 931 3751 966 3761; x_wconf 91' lang='grc'><strong>-</strong></span> <span class='ocrx_word' id='word_1_272' title='bbox 980 3725 1014 3776; x_wconf 87' lang='grc'><strong><em>18</em></strong></span> <span class='ocrx_word' id='word_1_273' title='bbox 1028 3720 1187 3792; x_wconf 83' lang='grc' dir='ltr'><strong><em>ἀποβαλεῖν.</em></strong></span> <span class='ocrx_word' id='word_1_274' title='bbox 1212 3723 1263 3775; x_wconf 77' lang='lat' dir='ltr'>cet.</span> 
     </span>
    </p>
   </div>
   <div class='ocr_carea' id='block_1_8' title="bbox 256 3787 1264 3936">
    <p class='ocr_par' dir='ltr' id='par_1_9' title="bbox 256 3787 1264 3936">
     <span class='ocr_line' id='line_1_33' title="bbox 257 3787 1264 3865; baseline -0.004 -15"><span class='ocrx_word' id='word_1_275' title='bbox 257 3795 314 3852; x_wconf 68' lang='lat' dir='ltr'><strong><em>dez.</em></strong></span> <span class='ocrx_word' id='word_1_276' title='bbox 328 3796 364 3851; x_wconf 86' lang='grc' dir='ltr'><em>Η</em></span> <span class='ocrx_word' id='word_1_277' title='bbox 424 3801 457 3850; x_wconf 81' lang='grc'><strong><em>16</em></strong></span> <span class='ocrx_word' id='word_1_278' title='bbox 476 3792 557 3865; x_wconf 88' lang='grc' dir='ltr'><strong><em>λέγει,</em></strong></span> <span class='ocrx_word' id='word_1_279' title='bbox 575 3790 622 3863; x_wconf 78' lang='grc' dir='ltr'><strong><em>ἐφ’</em></strong></span> <span class='ocrx_word' id='word_1_280' title='bbox 640 3787 661 3848; x_wconf 79' lang='grc' dir='ltr'><strong>ὦ</strong></span> <span class='ocrx_word' id='word_1_281' title='bbox 679 3789 728 3847; x_wconf 81' lang='grc' dir='ltr'><strong><em>καί</em></strong></span> <span class='ocrx_word' id='word_1_282' title='bbox 745 3808 832 3861; x_wconf 87' lang='grc' dir='ltr'><strong><em>φησιν</em></strong></span> <span class='ocrx_word' id='word_1_283' title='bbox 845 3790 860 3846; x_wconf 87' lang='grc' dir='ltr'><strong><em>δ</em></strong></span> <span class='ocrx_word' id='word_1_284' title='bbox 874 3799 929 3847; x_wconf 80' lang='grc' dir='ltr'><strong><em>τῶν</em></strong></span> <span class='ocrx_word' id='word_1_285' title='bbox 944 3791 1077 3848; x_wconf 87' lang='grc' dir='ltr'><strong><em>τοιούτων</em></strong></span> <span class='ocrx_word' id='word_1_286' title='bbox 1090 3791 1264 3864; x_wconf 78' lang='grc' dir='ltr'><strong><em>συγγραφεύς</em></strong></span> 
     </span>
     <span class='ocr_line' id='line_1_34' title="bbox 256 3861 862 3936; baseline -0.008 -13"><span class='ocrx_word' id='word_1_287' title='bbox 256 3865 417 3936; x_wconf 85' lang='grc' dir='ltr'><strong><em>λανρέντιος</em></strong></span> <span class='ocrx_word' id='word_1_288' title='bbox 433 3873 561 3922; x_wconf 87' lang='grc' dir='ltr'><strong><em>τοιαῦτα·</em></strong></span> <span class='ocrx_word' id='word_1_289' title='bbox 582 3862 624 3919; x_wconf 85' lang='grc' dir='ltr'><strong><em>δτι</em></strong></span> <span class='ocrx_word' id='word_1_290' title='bbox 643 3861 752 3933; x_wconf 71' lang='grc' dir='ltr'><strong><em>ἀληθὴς</em></strong></span> <span class='ocrx_word' id='word_1_291' title='bbox 769 3864 821 3917; x_wconf 77' lang='lat' dir='ltr'>etc.</span> <span class='ocrx_word' id='word_1_292' title='bbox 840 3861 862 3918; x_wconf 75' lang='lat' dir='ltr'><strong><em>S</em></strong></span> 
     </span>
    </p>
   </div>
   <div class='ocr_carea' id='block_1_9' title="bbox 0 0 1542 4598">
    <p class='ocr_par' dir='ltr' id='par_1_10' title="bbox 0 0 1542 4598">
     <span class='ocr_line' id='line_1_35' title="bbox 0 0 1542 4598; baseline 0 0"><span class='ocrx_word' id='word_1_293' title='bbox 0 0 1542 4598; x_wconf 95' lang='lat' dir='ltr'><strong><em> </em></strong></span> 
     </span>
    </p>
   </div>
  </div>
 </body>
</html>
