3074 4598
251 440 342 499 XVIII
659 437 865 496 PRAEFAHO

246 610 406 671 sententiis
438 609 474 670 de
506 626 597 669 causa
629 608 851 686 eximdationis‚
889 608 986 687 qualis
1022 608 1076 683 sit,
1113 605 1262 684 desperat:

252 700 384 761 ποικίλαι
407 695 460 778 μὲν
483 689 539 764 οὖν
561 696 595 756 αἱ
618 695 686 777 περί
713 696 807 759 αὐτοῦ
834 696 931 776 δόξαν,
957 695 991 758 τὸ
1014 688 1042 757 δ’
1058 692 1168 774 ἀληθὲς
1190 692 1263 756 κατὰ

245 787 322 863 ,τοὺς
343 785 524 869 ἀνθρώπους
547 781 617 857 τέως
645 784 780 864 οὐδαμοῦ
803 779 846 868 (p.
872 789 944 863 147,
956 779 999 870 3).
1043 786 1173 847 Pariaim
1191 805 1263 846 vcro

251 878 360 939 codicis
390 879 496 937 auctor
523 874 661 951 Augusto
692 894 793 935 mense
824 876 1006 953 adscriptam
1037 875 1264 936 enudationem

252 966 414 1040 secundnm
435 963 640 1023 Hebraeorum
662 980 778 1023 sacram
801 964 980 1040 scripturam
1003 964 1130 1042 explicat
1153 965 1262 1024 additis

250 1055 348 1115 verbis
366 1073 395 1131 p.
409 1053 461 1127 43,
470 1053 512 1111 20
522 1051 613 1110 Ibeu:
632 1056 693 1124 τοῖς
712 1046 744 1110 δὲ
761 1048 797 1111 τὰ
815 1060 869 1130 της
885 1062 1003 1134 γραφῆς
1021 1049 1162 1114 ἀσκοῦσιν
1176 1052 1261 1115 οὔδε-

251 1143 322 1223 μίαν
339 1141 427 1202 τίκτει
439 1137 622 1220 ἀμφιβολίαν
639 1182 647 1197 .
662 1183 669 1198 .
685 1184 692 1198 .
711 1140 742 1199 οί
753 1136 808 1220 γὰρ
823 1137 864 1218 μὴ
882 1149 974 1201 ταῦτα
986 1139 1052 1223 περὶ
1065 1141 1156 1204 αὐτοῦ
1174 1141 1261 1214 δοξά-

252 1233 350 1304 ζοντες
372 1229 414 1303 είς
437 1228 544 1310 μυρίας
566 1224 757 1306 ἐμπίπτοντες
779 1224 905 1308 ἀπορίας
929 1227 1068 1308 μένουσιν
1091 1228 1145 1303 ἕως
1162 1228 1263 1304 τέλους

251 1329 305 1398 τῆς
327 1317 469 1397 ἀληθείας
488 1314 749 1394 ἀποπλανώμενοι,
773 1334 852 1392 quae
875 1318 912 1377 ab
934 1317 986 1395 iis,
1009 1338 1085 1395 quae
1106 1319 1193 1383 modo
1217 1324 1262 1381 at·

250 1409 377 1469 tulimus
407 1408 485 1484 Lydi
516 1404 614 1466 verbis
645 1406 710 1464 toto
744 1403 826 1467 caelo
858 1406 975 1466 diversa
1007 1411 1083 1467 sunt
1128 1411 1262 1469 attamen

250 1497 339 1558 huius
370 1516 489 1574 quoque
519 1493 627 1555 codicis
657 1492 685 1551 R
715 1494 898 1572 paragraphi
932 1493 1082 1572 particula
1116 1498 1263 1574 quaedam

249 1586 411 1652 LaurentIo
434 1584 567 1645 debetur.
613 1581 802 1643 consentiunt
828 1583 908 1642 enim
930 1603 966 1643 ea
989 1602 1065 1661 quae
1087 1585 1263 1645 exhibentur

249 1675 289 1735 ab
310 1675 364 1734 illo
387 1694 416 1751 p.
440 1675 521 1748 43,2
547 1663 632 1743 οὗτος
655 1667 671 1731 ὁ
691 1666 804 1749 Ἴστρος
828 1703 870 1714 -
893 1673 996 1747 43,11
1020 1671 1189 1753 Δανούβιος
1212 1695 1262 1751 με-

250 1760 409 1840 τακληθεὶς
431 1779 498 1820 cum
519 1759 567 1834 iis,
590 1777 668 1836 quae
692 1762 881 1836 exponuntur
903 1779 922 1820 a
945 1759 1106 1823 Laurentio
1128 1762 1164 1820 de
1181 1781 1261 1841 mag.

250 1851 305 1928 111,
325 1852 376 1926 32,
399 1867 536 1926 quaeque
559 1865 578 1907 a
600 1866 631 1908 se
653 1848 772 1908 narrari
795 1847 953 1909 confitetur
974 1853 1079 1913 auctor
1100 1852 1262 1912 secundum

250 1934 472 2019 Σαμσν<νι>κὸν
493 1936 545 1998 τὸν
564 1928 707 2014 Ῥωμαῖον
730 1936 885 2018 ἱστορικόν,
907 1935 941 2012 ὃς
957 1937 1033 2021 πρὸς
1049 1940 1261 2019 Διοκλητιανὸν

248 2026 299 2091 καί
314 2024 456 2108 Γαλέριον
470 2024 521 2086 τὸν
535 2023 657 2107 γέροντα
669 2022 737 2106 περὶ
754 2026 896 2088 ποικίλων
914 2027 1084 2107 ζητημάτων
1102 2024 1261 2110 διελέχθη.1

250 2119 312 2179 iarn
331 2136 401 2178 vero
424 2115 450 2174 si
472 2115 649 2192 quaerimus,
672 2119 774 2176 utrum
791 2114 988 2177 Laurentium
1005 2136 1044 2177 an
1061 2119 1158 2195 ipsum
1176 2118 1260 2180 Sam·

251 2207 400 2268 monicum
431 2203 538 2263 adierit
567 2202 707 2264 librarius
740 2203 848 2264 codicis
879 2204 1020 2282 Parisini,
1052 2226 1107 2284 ego
1139 2208 1261 2283 quidem

248 2296 334 2373 hunc,
364 2293 447 2372 quali
470 2312 538 2353 eum
565 2292 685 2370 ingenio
703 2292 805 2354 ,foisse
835 2296 928 2370 patet,
957 2312 1018 2353 non
1041 2294 1260 2356 Sammonicum

249 2384 412 2462 inspexisse
425 2400 549 2457 sumam,
565 2380 736 2440 rarissimae
749 2384 840 2440 notae
853 2384 1013 2458 auctorem,
1027 2383 1077 2444 sed
1090 2383 1259 2461 Lydiunum

243 2473 357 2534 librum
379 2472 415 2532 de
436 2469 671 2550 magistratibus,
694 2471 729 2528 ut
752 2470 779 2529 ei
802 2474 869 2530 erat
889 2470 1067 2532 Laurentius
1088 2472 1258 2534 familiaris·

248 2561 348 2624 simus.
394 2579 472 2639 quae
502 2560 528 2620 si
557 2557 771 2633 conceduntur,
803 2558 863 2619 alio
893 2580 909 2619 e
938 2558 1021 2619 fonte
1048 2579 1184 2621 manasse
1213 2582 1258 2638 ea,

249 2671 326 2728 qnae
349 2650 506 2726 desumpta
524 2651 596 2709 sunt
613 2667 629 2707 e
648 2664 732 2707 sacra
750 2646 906 2724 scriptura,
930 2653 1067 2726 apparet3
1089 2650 1257 2728 iterumque

246 2740 391 2815 videmus,
414 2739 561 2800 cautiores
584 2755 637 2797 nos
657 2754 719 2797 esse
738 2735 844 2795 debere
861 2736 893 2795 in
911 2737 1095 2798 vindicandis
1113 2739 1256 2817 reliquiis,

246 2847 324 2905 quae
342 2847 361 2888 a
380 2826 478 2886 codice
495 2826 523 2885 R
541 2827 707 2902 servantur,
731 2825 843 2901 quippe
862 2825 916 2902 qui
932 2830 1051 2902 praeter
1063 2827 1257 2888 Laurentium

244 2911 323 2990 ‚alios
346 2933 464 2992 quoque
491 2913 660 2974 adhibuerit
686 2916 837 2974 auctores:
864 2914 944 2996 hanc
968 2915 1088 2991 quidem
1113 2935 1255 2996 paragra·

247 3005 341 3082 phum
363 3024 379 3064 e
401 3004 477 3064 libro
500 3002 536 3063 de
558 3001 708 3062 mensibus
730 3002 858 3079 petitam
884 3022 944 3064 non
971 3022 1034 3064 esse
1059 3023 1114 3081 pro
1136 3003 1255 3066 demon·

247 3097 342 3155 strato
359 3093 421 3152 iam
442 3083 565 3152 habeo²

312 3182 377 3241 Iam
399 3180 484 3240 finita
506 3179 714 3257 disquisitione
737 3179 773 3240 de
791 3178 927 3256 Lydiano
948 3180 1025 3240 libro
1047 3181 1083 3240 de
1105 3181 1254 3243 mensibus

247 3271 368 3348 eiusque
391 3270 586 3346 epitomatore
604 3268 740 3328 Parisino
763 3268 847 3328 brevi
870 3273 1027 3345 conspectu
1048 3269 1197 3338 illustrare
1218 3271 1253 3330 li·

247 3363 322 3436 ceat,
346 3377 490 3436 quasnam
512 3356 621 3418 codicis
639 3356 785 3434 Rpartes
809 3377 846 3416 ex
866 3357 918 3418 illo
937 3357 1086 3418 derivatas
1104 3376 1166 3418 esse
1185 3378 1253 3420 con·

246 3451 313 3526 stet
332 3452 364 3508 et
380 3447 433 3506 ubi
451 3447 551 3507 casin
570 3445 698 3506 editione
716 3445 813 3522 possis
827 3447 963 3523 reperire.
989 3450 1058 3507 sunt
1071 3450 1170 3507 autem
1183 3448 1253 3508 hae:

246 3584 458 3601 ——na—

320 3670 330 3702 ¹
348 3667 600 3724 Teuffel-Schwabe
618 3673 687 3723 rdm.
706 3664 773 3722 Litt.
793 3665 892 3724 Gescb.
910 3674 926 3736 fi
945 3673 1005 3737 374,
1014 3675 1039 3722 4.

244 3794 247 3801 ,
319 3741 330 3774 ¹
352 3757 387 3795 ea
411 3755 484 3810 quae
505 3740 589 3794 finem
610 3737 694 3793 huius
716 3739 888 3810 paragraphi
909 3739 1020 3795 faciunt
1040 3758 1066 3811 p.
1085 3745 1132 3807 44,
1148 3744 1251 3796 10-21

245 3803 397 3868 Laurentio
416 3813 491 3867 certo
508 3827 561 3866 neo
578 3808 701 3865 tribuere
720 3808 811 3866 audeo
829 3827 919 3880 neque
938 3808 1107 3866 abiudicare.
