3074 4598
294 475 358 543 148
576 475 687 532 LIBER
705 475 882 570 QUARTUS.
909 476 1028 534 IULIUS

252 648 278 704 Χ
292 663 384 707 νεται
397 642 455 708 διὰ
471 643 584 709 τόκων
602 638 734 706 δασέων
745 638 801 707 καί
815 641 1016 728 ἀνοδεὺτων,
1034 634 1082 707 ὧν
1094 642 1136 708 τὺ
1153 693 1160 706 .
1176 695 1206 708 ..
1228 642 1313 710 έκεί-

290 754 356 814 θεν
379 749 426 826 εἰς
445 749 576 834 ὑμαλὸν
598 745 740 832 έκχείται
762 747 818 816 καί
839 751 943 818 πόλιν
960 750 1007 827 εἰς
1024 759 1175 835 ποταμοῦ
1191 754 1311 836 κοίτην

292 855 481 939 συνάγεται,
503 852 559 920 καί
576 857 782 944 ναυσίπορος
800 859 921 924 λοιπὸν
939 856 993 924 ἐπὶ
1012 856 1074 940 τὴν
1090 859 1233 943 Μερόην
1249 859 1309 924 διδ

291 973 360 1028 τῶν
386 961 552 1046 ἀοικήτων
578 970 640 1028 τοῦ
668 966 771 1030 νότου
801 975 913 1050 μερῶν
939 963 1074 1050 φέρεται
1099 961 1156 1030 καὶ
1182 963 1308 1049 ταύτην

264 1066 478 1155 οπεριρρέων
513 1077 619 1152 νῆσον
655 1069 825 1137 ἀποτελεῖ·
866 1072 936 1137 ἔστι
971 1072 1034 1157 γδιρ
1065 1080 1154 1137 πᾶσα
1190 1069 1304 1157 ὁμαλή.

289 1173 448 1240 meram
484 1176 522 1242 τὸ
559 1176 681 1243 λοιπὸν
723 1177 742 1244 ό
777 1186 842 1254 πᾶς
882 1175 1109 1261 ἐγκλειόμενος
1149 1177 1204 1245 ἐπὶ
1243 1178 1305 1262 τὴν

289 1280 456 1367 ἀνατολὴν
483 1281 576 1370 ῥέπει
603 1282 660 1350 καὶ
687 1283 742 1350 ἐπὶ
768 1284 830 1369 τὴν
856 1288 1045 1366 Αίγυπτον,
1074 1292 1231 1352 κακείθεν
1254 1285 1305 1362 εἰς

288 1389 465 1456 θάλασσαν
497 1389 729 1477 σφροδοτέρου
764 1389 951 1475 πνεύματος
981 1387 1234 1467 καταπνέοντος·
1268 1390 1305 1456 ἐκ

288 1504 348 1581 τῆς
369 1499 444 1582 βίας
465 1499 540 1584 γάρ,
563 1498 608 1574 ὡς
627 1503 765 1583 είρηται,
788 1506 849 1563 τοῦ
867 1499 1004 1583 βορείου
1020 1495 1207 1581 πνεύματος
1223 1494 1304 1561 ἀνα-

248 1627 275 1668 10
288 1603 457 1688 κλώμενος
482 1603 502 1670 ό
528 1603 677 1687 ποταμὸς
704 1600 760 1668 καὶ
786 1606 915 1688 μᾶλλον
938 1602 1172 1687 ἀνεκχεόμενος
1192 1610 1304 1666 πᾶσαν

287 1697 517 1794 καταλιμνοίζει
544 1708 606 1792 τὴν
628 1714 813 1792 Αἴγυπτον.
858 1709 961 1796 εὔρου
988 1703 1025 1774 δὲ
1047 1706 1083 1773 έκ
1104 1717 1162 1792 τῆς
1185 1707 1304 1775 ἀνατο-

287 1820 347 1898 λῆς
375 1825 446 1892 τοίς
476 1815 621 1900 ἐτησίοις
650 1813 886 1893 ἀντιπνέοντος
912 1815 934 1900 ἣ
961 1818 1062 1882 νότου
1088 1814 1153 1882 ἀπὸ
1180 1831 1304 1900 μεσημ-

287 1923 385 2006 βρίας
407 1920 617 2001 ἐξωθοῦντος
638 1922 700 1988 τὸν
721 1925 858 2007 Νεῖλον,
884 1924 1018 2000 εἰκότως
1039 1921 1058 1989 δ
1079 1921 1226 2009 ποταμὸς
1247 1920 1304 1988 έπί

286 2026 349 2111 τὴν
379 2029 555 2096 θάλασσαν
581 2066 625 2078 -
653 2033 871 2116 λωφήσαντος
902 2028 1007 2116 ἠρέμα
1037 2039 1097 2097 τοῦ
1127 2032 1302 2116 βορρᾶ-

246 2157 272 2201 ιι
285 2133 485 2222 κατατρέχει.
531 2135 668 2204 κάκεῖνο
701 2133 739 2204 δὲ
767 2139 946 2224 τεκμήριόν
974 2136 1043 2203 ἐστι
1071 2146 1132 2204 τοῦ
1160 2136 1205 2222 μὴ
1235 2134 1303 2202 ἀπὸ

285 2240 407 2327 τήξεως
428 2244 553 2328 χιόνων
572 2242 738 2324 αὔξεσθαι
761 2242 879 2328 αὐτόν,
907 2243 959 2309 ὅτι
986 2243 1027 2308 οὑ
1049 2217 1177 2328 ψυχρός
1200 2241 1303 2327 ἐστιν,

286 2348 371 2415 ἀλλὰ
387 2351 529 2436 θερμός,
551 2348 607 2415 καί
626 2351 685 2415 διὰ
701 2358 800 2416 τοῦτο
818 2349 1085 2426 ὑπονοστοῦντος
1102 2357 1162 2414 τοῦ
1180 2347 1304 2426 ὑδατος

286 2455 473 2542 εὑρίσκεται
502 2454 556 2522 ἐπὶ
578 2466 637 2542 τῆς
666 2457 759 2534 ἰλύος
786 2456 850 2535 ζωοί
877 2480 953 2522 τινα
979 2455 1015 2521 ἐκ
1041 2454 1162 2542 μέρους
1188 2455 1303 2521 διαπε·

285 2561 458 2646 πλασμένα
479 2562 535 2629 καὶ
559 2562 595 2629 ἐκ
617 2561 741 2649 μέρους
761 2563 926 2629 κνώδαλα
969 2561 1095 2648 πέφωιε
1117 2557 1155 2628 δὲ
1175 2563 1215 2627 τὰ
1231 2586 1302 2629 τοι·

245 2694 272 2735 ιο
286 2678 371 2733 αὕτα
392 2671 574 2755 θερμότητι
596 2666 653 2734 καί
675 2669 833 2756 ὑγρότητι
861 2673 1113 2754 ζωογονεῖσθαι,
1140 2668 1221 2751 ὅπερ
1244 2668 1300 2735 ἐπὶ

285 2785 354 2840 τῶν
376 2775 489 2840 ἄλλων
510 2774 645 2839 ὑδάτων
668 2774 729 2839 οὑκ
752 2777 856 2841 ἔστιν·
880 2774 999 2859 ἰχθύας
1021 2775 1084 2859 γδρ
1102 2772 1158 2839 καὶ
1175 2776 1302 2860 μόνους

287 2882 409 2964 έχουσι.
454 2877 510 2945 καί
534 2879 566 2946 οἰ
588 2875 652 2963 μὲν
674 2880 771 2946 ἄλλοι
794 2882 1024 2964 στοχαζόμενοι
1047 2877 1212 2964 λέγουσιν,
1234 2880 1301 2964 ἐγὼ

286 2984 328 3052 δέ
345 3023 383 3033 -
404 2984 510 3071 φησίν
532 2985 721 3072 ὑΧρῆστος
739 3022 781 3032 -
800 2988 978 3070 γενόμενος
996 2985 1033 3051 έν
1050 2993 1096 3074 τῷ
1115 2985 1299 3076 ἀκροτηρίῳ

245 3102 345 3178 κτῆς
361 3095 584 3178 Μαυρουσίας
607 3091 645 3157 έν
667 3100 714 3180 τῷ
737 3095 859 3179 στομίῳ
882 3101 943 3159 τοῦ
961 3091 1140 3159 Ὠκεανοῦ’.

250 3210 269 3264 S
355 3198 426 3265 108.
442 3197 513 3265 Ὅτι
527 3200 592 3282 ὅπη
606 3197 650 3264 ἂν
663 3199 769 3285 πυρὸς
778 3198 863 3283 νομὴ
871 3204 1009 3283 καίοιτο,
1023 3201 1218 3286 σηραγγώδη
1227 3211 1359 3270 deesth

358 3363 410 3412 π]
432 3351 472 3411 ὧν
489 3355 525 3410 τὰ
539 3355 577 3424 Χ,
597 3354 688 3411 όντων
702 3353 736 3411 ci.
751 3355 802 3423 Rr,
821 3371 873 3427 ego
887 3355 1018 3411 lacunam
1031 3355 1153 3410 indicavi
1207 3357 1299 3412 δίτο-

284 3433 380 3498 μαλῶν
400 3429 426 3482 Τ
444 3430 448 3498 Ι
468 3425 566 3498 κοίτην
584 3427 625 3495 Α,
649 3430 742 3490 κοῖλος
759 3426 821 3480 ΒΤ
889 3433 906 3482 3
924 3425 1073 3498 συνάγεται
1091 3427 1192 3496 ἐναντη
1210 3424 1299 3495 πόρος

284 3499 474 3626 λόπὸέΑιι
501 3494 1168 3625 4ss“‘”²{“‘5213‘⁰“2515³·12fl³2⁶'5²3⁶'
1187 3497 1296 3624 ’Ἑλ

283 3659 352 3768 ι
370 3587 749 3777 ίίίᾷἶλόιὺῗλ
763 3571 1115 3783 ἶλίἰιὺεἷιζλ
1133 3588 1301 3782 εἷλκέ

285 3800 355 3839 corr.
374 3783 417 3839 Rr
490 3789 521 3838 17
544 3781 660 3838 Οοίόίαο
677 3789 782 3839 παλαια.
797 3783 889 3853 μείνω
908 3782 936 3836 Β
954 3797 1040 3853 marg.
1057 3784 1062 3853 Ι
1077 3782 1301 3848 ἀπονοστοὺντος

289 3856 315 3911 Τ
383 3860 415 3910 21
436 3852 548 3910 ὑδάτων
566 3852 646 3909 omis.
663 3854 689 3909 T
758 3858 792 3908 λδ
811 3853 928 3925 χρηστός
948 3853 974 3909 Τ
