3074 4598
653 550 859 610 PRAEFATIO
1195 553 1259 610 XXI

247 718 442 795 mentionem,
466 721 570 782 statim
591 721 790 798 proferamus,
815 740 893 800 quae
915 721 951 782 de
974 739 1007 781 eo
1030 724 1099 782 sunt
1126 719 1255 781 dicenda.

247 827 320 870 nam
340 810 460 884 praeter
482 830 532 887 ea,
560 828 637 887 quac
664 810 865 872 intercedente
888 810 986 871 codice
1008 808 1109 887 aliquo
1132 827 1256 888 apogra-

196 978 199 983 .
247 898 376 976 phorum
397 897 425 955 R
448 903 480 959 et
503 899 755 961 lischendorfiani
775 897 922 978 persimili
948 900 987 960 sd
1011 899 1096 959 illum
1117 916 1256 975 pervene-

246 987 333 1061 runt,
355 1006 448 1046 unum
474 990 594 1048 tantum
626 987 735 1049 Suidae
765 990 935 1066 excerptum
963 989 1002 1049 ad
1023 987 1256 1048 Laurentienum

246 1075 356 1136 librum
388 1074 424 1134 de
456 1077 606 1137 mensibus
637 1077 756 1138 videtur
786 1078 891 1138 redire.
936 1077 1074 1139 describit
1104 1075 1182 1138 enim
1208 1075 1256 1136 hic

248 1182 270 1224 s.
293 1183 320 1222 v.
344 1165 511 1243 Μαΐουμᾶς
532 1170 594 1227 tres
616 1166 725 1228 veteris
749 1167 820 1227 anni
842 1166 945 1226 ferias:
972 1166 1144 1241 blainmam,
1165 1183 1255 1243 pane·

247 1252 383 1333 gpridem
404 1254 523 1335 sspcrov
546 1254 584 1317 ab
606 1254 766 1317 Anastasio
789 1256 969 1334 imperatore
991 1253 1147 1330 sublatam,
1169 1272 1255 1315 canes

245 1361 265 1403 a
287 1342 429 1402 Romanis
452 1345 590 1424 Augusto
612 1363 713 1405 mense
739 1349 868 1406 necatos
915 1344 1054 1420 quoniam
1084 1348 1183 1404 autem
1208 1343 1255 1404 his

246 1430 360 1492 duabus
391 1431 475 1494 feriis
507 1433 583 1494 nihil
614 1452 683 1493 oum
704 1434 838 1494 Maiuma
870 1436 928 1507 est,
958 1436 995 1493 nt
1025 1430 1135 1494 Suidae
1164 1432 1255 1492 verba

245 1520 439 1598 explicemus,
468 1540 620 1584 sumamus
647 1541 765 1583 necesse
792 1526 851 1599 est,
878 1539 928 1582 cas
955 1521 1015 1581 iam
1040 1519 1074 1581 111
1095 1541 1139 1597 eo,
1167 1540 1254 1598 quem

245 1610 376 1688 inspexit
397 1611 459 1687 ille,
482 1615 603 1673 auctore
628 1610 798 1672 coniunctas
822 1609 921 1672 fuisse.
958 1609 1043 1670 stab
1060 1610 1116 1671 hoc
1135 1608 1254 1687 quidem

246 1702 366 1761 auctore
389 1700 560 1761 adhibitum
582 1717 645 1760 esse
667 1698 746 1776 Lydi
773 1698 947 1777 opusculum
973 1697 1009 1759 de
1034 1699 1182 1760 mensibus
1205 1698 1253 1759 dc·

244 1791 430 1850 monstratur
467 1808 516 1864 eo,
557 1788 636 1865 quod
676 1788 754 1848 ratio
796 1787 978 1848 enarrandae
1016 1788 1112 1849 caedis
1148 1806 1254 1848 1111111111

244 1876 393 1938 consentit
424 1895 493 1936 cum
523 1878 575 1951 iis,
611 1895 689 1954 quae
725 1877 806 1954 apud
836 1876 1031 1937 Laurentium
1060 1897 1088 1956 p.
1114 1878 1191 1953 152,
1210 1879 1252 1936 22

243 1965 394 2041 leguntur.
447 1964 640 2040 quemobrem
669 1963 753 2040 Lydo
786 1984 824 2024 ea
857 1984 976 2042 quoque
1004 1966 1162 2027 tribuenda
1191 1984 1253 2027 esse

243 2051 332 2126 duxi,-
361 2070 439 2128 quae
469 2052 506 2112 de
533 2051 682 2112 Maiumae
712 2052 792 2112 feriis
815 2056 988 2112 namantur:
1020 2055 1147 2115 occurrit
1175 2055 1253 2114 enim

243 2139 395 2202 Maiumae
424 2159 533 2200 nomen
562 2159 590 2216 p.
623 2139 740 2214 133‚2,
773 2138 826 2199 ubi
854 2140 928 2216 quid
957 2140 1013 2200 sibi
1039 2144 1134 2202 velint
1161 2142 1253 2203 feriae

242 2230 315 2290 illae
346 2247 406 2288 nou
435 2228 498 2288 iam
526 2227 695 2307 legebatur,
731 2245 811 2287 nunc
839 2227 978 2299 lacunam
1008 2247 1024 2288 e
1052 2230 1145 2291 Suida
1173 2233 1252 2292 recte

243 2317 413 2395 suppletam
437 2336 499 2378 esse
523 2335 618 2395 spero.
654 2333 751 2392 nequo
768 2315 833 2376 veri
856 2318 902 2376 est
919 2317 1068 2395 dissimile,
1090 2318 1152 2392 illa,
1176 2337 1252 2396 quae

243 2407 280 2468 de
302 2406 465 2483 Brytorum
487 2407 570 2467 feriis
592 2404 630 2465 ab
653 2404 813 2465 Anastasio
840 2400 1253 2489 1111111111111(491-518)1

242 2494 370 2556 sublatis
393 2499 499 2573 agunt,
521 2498 552 2555 et
569 2495 635 2571 ipsa
648 2492 811 2554 Laurentio
830 2511 892 2553 esse
909 2492 1075 2570 tribuendo,
1098 2514 1164 2555 cnm
1180 2513 1250 2555 vero

243 2583 344 2644 nullus
376 2582 465 2642 hodie
497 2585 613 2644 extaret
643 2582 726 2642 locus
759 2581 829 2641 libri
857 2580 1065 2659 Laurentiani,
1095 2583 1147 2643 ubi
1177 2582 1252 2643 talis

241 2670 384 2732 excidisse
406 2674 535 2748 pateret,
564 2671 675 2731 rectius
703 2670 758 2729 illa
781 2670 946 2731 omittenda
969 2688 1031 2731 esse
1060 2671 1143 2731 duxi:
1171 2670 1252 2732 dicat

242 2760 323 2822 enim
344 2761 473 2821 tortasse
498 2760 660 2839 quispiam,
690 2777 726 2819 ea
754 2758 791 2820 ab
820 2759 925 2838 ignoto
953 2759 1006 2820 illo
1035 2763 1169 2836 auctore,
1198 2760 1251 2838 qui

240 2850 321 2910 inter
341 2848 462 2926 Lydum
485 2853 516 2910 et
539 2847 663 2909 Suidam
683 2848 858 2924 intercessit,
880 2847 983 2909 addita
1005 2867 1075 2910 esse.

310 2937 368 2998 Sed
388 2956 449 2997 uon
477 2939 576 3001 solum
602 2955 668 3013 eae,
698 2955 774 3014 quae
800 2938 931 3014 primum
959 2936 1036 3015 quod
1063 2937 1249 2999 distinximus
1276 2947 1368 3001 sunau

1313 3006 1375 3046 ntus

240 3029 333 3103 caput
361 3025 470 3088 codicis
497 3028 525 3088 R
554 3028 736 3104 componunt
764 3025 959 3105 paragraphi,
989 3026 1022 3085 111
1050 3026 1249 3104 compluribus
1262 3005 1360 3106 ”beno
1389 3015 1401 3045 ⁰

240 3115 392 3176 codicibus
422 3116 515 3176 medii
542 3115 609 3176 aevi
635 3116 770 3175 servatae
798 3114 885 3175 nobis
914 3117 996 3190 sunt,
1026 3134 1131 3175 verum
1159 3107 1399 3174 etiamdwmess·

240 3203 322 3263 baud
339 3221 435 3279 pauca
455 3224 567 3278 corum,
590 3203 699 3280 quibus
718 3203 859 3279 quintum
876 3204 968 3278 caput
985 3203 1146 3278 conficitur,
1169 3202 1248 3281 freg-

240 3293 410 3352 mentorum
432 3310 448 3350 e
471 3291 548 3352 libro
566 3290 602 3349 de
620 3290 770 3351 mensibus
789 3289 1030 3367 depromptorum
1048 3291 1080 3350 in
1100 3291 1248 3352 nonnullis

241 3379 390 3440 codicibus
426 3380 562 3440 nondum
594 3377 755 3439 nominatis
789 3381 911 3439 exarato
945 3380 1022 3438 sunt.
1075 3380 1248 3457 plerumque

240 3470 343 3529 autem
364 3468 410 3527 his
433 3469 570 3546 reliqniis
593 3487 628 3528 ex
648 3467 764 3545 integro
782 3466 977 3527 Laurentieni
994 3468 1090 3543 operis
1109 3471 1249 3528 contextu

240 3556 347 3619 solutis
375 3559 405 3616 et
434 3556 498 3617 iam
523 3558 587 3618 sine
615 3555 744 3616 auctoris
776 3556 895 3616 nomine
927 3556 1104 3617 circumlatis
1134 3557 1179 3616 ita
1200 3557 1248 3617 usi

239 3649 312 3707 sunt
332 3644 462 3721 librarii,
489 3649 524 3707 ut
550 3644 730 3721 ubicumque
753 3662 841 3721 opere
868 3644 930 3703 11111
957 3643 1092 3706 absoluto
1120 3645 1177 3705 duo
1199 3646 1248 3706 vel

245 3869 247 3874 ’
286 3927 302 3976 9
304 3848 442 3976 2161111111
464 3850 541 3923 apud
563 3847 804 3923 Krumbachcrum
827 3849 927 3906 Gescln
950 3849 976 3905 d.
998 3848 1139 3920 byzantin.
1156 3846 1248 3904 titt!

238 3941 266 3994 p,
340 3962 347 3977 ·
922 3941 925 3948 .
