<?xml version="1.0" encoding="UTF-8"?>
<!DOCTYPE html PUBLIC "-//W3C//DTD XHTML 1.0 Transitional//EN"
    "http://www.w3.org/TR/xhtml1/DTD/xhtml1-transitional.dtd">
<html xmlns="http://www.w3.org/1999/xhtml" xml:lang="en" lang="en">
 <head>
  <title>
</title>
<meta http-equiv="Content-Type" content="text/html;charset=utf-8" />
  <meta name='ocr-system' content='tesseract 3.04.00' />
  <meta name='ocr-capabilities' content='ocr_page ocr_carea ocr_par ocr_line ocrx_word'/>
</head>
<body>
  <div class='ocr_page' id='page_1' title='image "./ioannislaurenti00wuengoog_0181.png"; bbox 0 0 3074 4598; ppageno 0'>
   <div class='ocr_carea' id='block_1_1' title="bbox 341 474 1225 551">
    <p class='ocr_par' dir='ltr' id='par_1_1' title="bbox 341 474 1225 551">
     <span class='ocr_line' id='line_1_1' title="bbox 341 474 1225 551; baseline 0.002 -20"><span class='ocrx_word' id='word_1_1' title='bbox 341 478 383 545; x_wconf 76' lang='lat'><strong><em>76</em></strong></span> <span class='ocrx_word' id='word_1_2' title='bbox 582 476 693 533; x_wconf 75' lang='grc' dir='ltr'><strong><em>ιεευει</em></strong></span> <span class='ocrx_word' id='word_1_3' title='bbox 711 474 887 541; x_wconf 74' lang='lat' dir='ltr'>QUARTUS.</span> <span class='ocrx_word' id='word_1_4' title='bbox 915 476 1114 534; x_wconf 76' lang='grc' dir='ltr'><strong><em>ιεετοεειεοε</em></strong></span> <span class='ocrx_word' id='word_1_5' title='bbox 1221 543 1225 551; x_wconf 49' lang='grc'><strong><em>,</em></strong></span> 
     </span>
    </p>
   </div>
   <div class='ocr_carea' id='block_1_2' title="bbox 244 637 1409 3635">
    <p class='ocr_par' dir='ltr' id='par_1_2' title="bbox 244 637 1363 1050">
     <span class='ocr_line' id='line_1_2' title="bbox 244 637 1363 729; baseline -0.001 -21"><span class='ocrx_word' id='word_1_6' title='bbox 244 646 325 708; x_wconf 83' lang='lat' dir='ltr'><strong><em>XHS</em></strong></span> <span class='ocrx_word' id='word_1_7' title='bbox 340 653 411 722; x_wconf 81' lang='grc' dir='ltr'><strong><em>τοῖς</em></strong></span> <span class='ocrx_word' id='word_1_8' title='bbox 437 652 564 721; x_wconf 82' lang='grc' dir='ltr'><strong><em>κοινοῖς</em></strong></span> <span class='ocrx_word' id='word_1_9' title='bbox 590 637 756 725; x_wconf 78' lang='grc' dir='ltr'><em>πολέμους</em></span> <span class='ocrx_word' id='word_1_10' title='bbox 782 644 909 729; x_wconf 78' lang='grc' dir='ltr'><strong><em>βαρεῖς,</em></strong></span> <span class='ocrx_word' id='word_1_11' title='bbox 938 640 1074 728; x_wconf 90' lang='grc' dir='ltr'><strong><em>φθοράν</em></strong></span> <span class='ocrx_word' id='word_1_12' title='bbox 1100 663 1136 706; x_wconf 91' lang='grc' dir='ltr'><strong><em>τε</em></strong></span> <span class='ocrx_word' id='word_1_13' title='bbox 1152 639 1363 729; x_wconf 82' lang='grc' dir='ltr'><strong><em>ἀνθρώπων</em></strong></span> 
     </span>
     <span class='ocr_line' id='line_1_3' title="bbox 337 745 1361 845; baseline -0.003 -29"><span class='ocrx_word' id='word_1_14' title='bbox 337 749 394 816; x_wconf 84' lang='grc' dir='ltr'><strong><em>καὶ</em></strong></span> <span class='ocrx_word' id='word_1_15' title='bbox 417 751 646 835; x_wconf 76' lang='grc' dir='ltr'><strong><em>διαφερόντως</em></strong></span> <span class='ocrx_word' id='word_1_16' title='bbox 668 755 727 831; x_wconf 79' lang='grc' dir='ltr'><strong><em>τῆς</em></strong></span> <span class='ocrx_word' id='word_1_17' title='bbox 748 754 901 827; x_wconf 81' lang='grc' dir='ltr'><strong><em>νεολαίας</em></strong></span> <span class='ocrx_word' id='word_1_18' title='bbox 924 748 1100 845; x_wconf 78' lang='grc' dir='ltr'><strong><em>ἀνέμενον·</em></strong></span> <span class='ocrx_word' id='word_1_19' title='bbox 1125 751 1209 815; x_wconf 85' lang='grc' dir='ltr'><strong><em>κατά</em></strong></span> <span class='ocrx_word' id='word_1_20' title='bbox 1230 745 1270 816; x_wconf 72' lang='grc' dir='ltr'><strong><em>δέ</em></strong></span> <span class='ocrx_word' id='word_1_21' title='bbox 1292 749 1361 833; x_wconf 77' lang='grc' dir='ltr'><strong><em>την</em></strong></span> 
     </span>
     <span class='ocr_line' id='line_1_4' title="bbox 338 849 1360 943; baseline -0.003 -19"><span class='ocrx_word' id='word_1_22' title='bbox 338 855 485 943; x_wconf 79' lang='grc' dir='ltr'><strong><em>ἑβδόμην</em></strong></span> <span class='ocrx_word' id='word_1_23' title='bbox 497 863 645 940; x_wconf 79' lang='grc' dir='ltr'><strong><em>χειμῶνα</em></strong></span> <span class='ocrx_word' id='word_1_24' title='bbox 662 849 724 938; x_wconf 72' lang='grc' dir='ltr'><strong><em>μὲν</em></strong></span> <span class='ocrx_word' id='word_1_25' title='bbox 741 856 873 935; x_wconf 92' lang='grc' dir='ltr'><strong><em>πάντως</em></strong></span> <span class='ocrx_word' id='word_1_26' title='bbox 887 894 929 904; x_wconf 95' lang='grc'>-</span> <span class='ocrx_word' id='word_1_27' title='bbox 944 853 1075 941; x_wconf 79' lang='grc' dir='ltr'><strong><em>καὶγὰρ</em></strong></span> <span class='ocrx_word' id='word_1_28' title='bbox 1089 855 1216 941; x_wconf 79' lang='grc' dir='ltr'><strong><em>ψυχρὸς</em></strong></span> <span class='ocrx_word' id='word_1_29' title='bbox 1229 854 1248 921; x_wconf 87' lang='grc' dir='ltr'><strong><em>δ</em></strong></span> <span class='ocrx_word' id='word_1_30' title='bbox 1262 857 1360 942; x_wconf 84' lang='grc' dir='ltr'><strong><em>Κρό-</em></strong></span> 
     </span>
     <span class='ocr_line' id='line_1_5' title="bbox 336 961 1359 1050; baseline -0.002 -20"><span class='ocrx_word' id='word_1_31' title='bbox 336 988 462 1041; x_wconf 92' lang='grc' dir='ltr'><strong><em>νος-</em></strong></span> <span class='ocrx_word' id='word_1_32' title='bbox 486 961 662 1045; x_wconf 80' lang='grc' dir='ltr'><strong><em>εὐετηρίαν</em></strong></span> <span class='ocrx_word' id='word_1_33' title='bbox 688 984 723 1026; x_wconf 87' lang='grc' dir='ltr'><strong><em>τε</em></strong></span> <span class='ocrx_word' id='word_1_34' title='bbox 750 962 848 1047; x_wconf 82' lang='grc' dir='ltr'><strong><em>όσην,</em></strong></span> <span class='ocrx_word' id='word_1_35' title='bbox 877 961 947 1028; x_wconf 79' lang='grc' dir='ltr'><strong><em>ἐπεὶ</em></strong></span> <span class='ocrx_word' id='word_1_36' title='bbox 975 965 1096 1050; x_wconf 81' lang='grc' dir='ltr'><strong><em>ἔφορος</em></strong></span> <span class='ocrx_word' id='word_1_37' title='bbox 1121 973 1189 1028; x_wconf 80' lang='grc' dir='ltr'><strong><em>τῶν</em></strong></span> <span class='ocrx_word' id='word_1_38' title='bbox 1215 973 1359 1049; x_wconf 79' lang='grc' dir='ltr'><strong><em>καρπῶν</em></strong></span> 
     </span>
    </p>

    <p class='ocr_par' dir='ltr' id='par_1_3' title="bbox 309 1061 1356 1466">
     <span class='ocr_line' id='line_1_6' title="bbox 309 1061 1356 1153; baseline -0.002 -17"><span class='ocrx_word' id='word_1_39' title='bbox 309 1069 437 1144; x_wconf 82' lang='grc' dir='ltr'><strong><em>εαύτὸς</em></strong></span> <span class='ocrx_word' id='word_1_40' title='bbox 465 1061 551 1132; x_wconf 83' lang='grc' dir='ltr'><strong><em>εἶναι</em></strong></span> <span class='ocrx_word' id='word_1_41' title='bbox 574 1065 787 1153; x_wconf 80' lang='grc' dir='ltr'><strong><em>ὑπείληπται,</em></strong></span> <span class='ocrx_word' id='word_1_42' title='bbox 814 1071 938 1145; x_wconf 85' lang='grc' dir='ltr'><strong><em>νόσους</em></strong></span> <span class='ocrx_word' id='word_1_43' title='bbox 960 1068 1071 1135; x_wconf 79' lang='grc' dir='ltr'><strong><em>τεκαὶ</em></strong></span> <span class='ocrx_word' id='word_1_44' title='bbox 1093 1070 1274 1146; x_wconf 78' lang='grc' dir='ltr'><strong><em>κινδύνους</em></strong></span> <span class='ocrx_word' id='word_1_45' title='bbox 1295 1066 1356 1134; x_wconf 77' lang='grc' dir='ltr'><strong><em>καὶ</em></strong></span> 
     </span>
     <span class='ocr_line' id='line_1_7' title="bbox 336 1171 1356 1264; baseline 0.002 -25"><span class='ocrx_word' id='word_1_46' title='bbox 336 1172 480 1258; x_wconf 81' lang='grc' dir='ltr'><strong><em>ἀνέμους</em></strong></span> <span class='ocrx_word' id='word_1_47' title='bbox 514 1181 560 1260; x_wconf 80' lang='grc' dir='ltr'><strong><em>τῷ</em></strong></span> <span class='ocrx_word' id='word_1_48' title='bbox 594 1171 690 1260; x_wconf 91' lang='grc' dir='ltr'><strong><em>θέρει</em></strong></span> <span class='ocrx_word' id='word_1_49' title='bbox 722 1173 778 1239; x_wconf 80' lang='grc' dir='ltr'><strong><em>καὶ</em></strong></span> <span class='ocrx_word' id='word_1_50' title='bbox 811 1175 951 1259; x_wconf 78' lang='grc' dir='ltr'><strong><em>χαλάζης</em></strong></span> <span class='ocrx_word' id='word_1_51' title='bbox 985 1174 1149 1263; x_wconf 81' lang='grc' dir='ltr'><strong><em>ἐπιφοράν</em></strong></span> <span class='ocrx_word' id='word_1_52' title='bbox 1180 1173 1256 1264; x_wconf 83' lang='grc' dir='ltr'><strong><em>περὶ</em></strong></span> <span class='ocrx_word' id='word_1_53' title='bbox 1291 1176 1356 1242; x_wconf 81' lang='grc' dir='ltr'><strong><em>τὸν</em></strong></span> 
     </span>
     <span class='ocr_line' id='line_1_8' title="bbox 334 1277 1355 1367; baseline 0.003 -22"><span class='ocrx_word' id='word_1_54' title='bbox 334 1290 496 1363; x_wconf 81' lang='grc' dir='ltr'><strong><em>καρκίνον</em></strong></span> <span class='ocrx_word' id='word_1_55' title='bbox 521 1277 578 1346; x_wconf 80' lang='grc' dir='ltr'><strong><em>καὶ</em></strong></span> <span class='ocrx_word' id='word_1_56' title='bbox 605 1282 721 1366; x_wconf 77' lang='grc' dir='ltr'><strong><em>φήμην</em></strong></span> <span class='ocrx_word' id='word_1_57' title='bbox 747 1291 818 1360; x_wconf 83' lang='grc' dir='ltr'><strong><em>τοῖς</em></strong></span> <span class='ocrx_word' id='word_1_58' title='bbox 841 1281 1033 1367; x_wconf 77' lang='grc' dir='ltr'><strong><em>πράγμασιν</em></strong></span> <span class='ocrx_word' id='word_1_59' title='bbox 1054 1281 1218 1367; x_wconf 81' lang='grc' dir='ltr'><strong><em>ἀδόκητον</em></strong></span> <span class='ocrx_word' id='word_1_60' title='bbox 1240 1284 1355 1350; x_wconf 87' lang='grc' dir='ltr'><strong><em>οίωνί-</em></strong></span> 
     </span>
     <span class='ocr_line' id='line_1_9' title="bbox 336 1389 440 1466; baseline -0.019 -13"><span class='ocrx_word' id='word_1_61' title='bbox 336 1389 440 1466; x_wconf 79' lang='grc' dir='ltr'><strong><em>ζοντο.</em></strong></span> 
     </span>
    </p>

    <p class='ocr_par' dir='ltr' id='par_1_4' title="bbox 301 1490 1409 1578">
     <span class='ocr_line' id='line_1_10' title="bbox 301 1490 1409 1578; baseline 0.003 -20"><span class='ocrx_word' id='word_1_62' title='bbox 301 1501 320 1558; x_wconf 77' lang='lat' dir='ltr'>S</span> <span class='ocrx_word' id='word_1_63' title='bbox 404 1492 456 1559; x_wconf 84' lang='lat'><strong><em>11.</em></strong></span> <span class='ocrx_word' id='word_1_64' title='bbox 478 1490 550 1557; x_wconf 86' lang='grc' dir='ltr'><strong><em>Ὅτι</em></strong></span> <span class='ocrx_word' id='word_1_65' title='bbox 578 1494 638 1559; x_wconf 91' lang='grc' dir='ltr'><strong><em>τὸν</em></strong></span> <span class='ocrx_word' id='word_1_66' title='bbox 666 1495 804 1578; x_wconf 91' lang='grc' dir='ltr'><strong><em>φοίνικά</em></strong></span> <span class='ocrx_word' id='word_1_67' title='bbox 831 1511 936 1578; x_wconf 89' lang='grc' dir='ltr'><strong><em>φασιν</em></strong></span> <span class='ocrx_word' id='word_1_68' title='bbox 964 1495 1021 1559; x_wconf 84' lang='grc' dir='ltr'><strong><em>διὰ</em></strong></span> <span class='ocrx_word' id='word_1_69' title='bbox 1042 1497 1267 1559; x_wconf 84' lang='grc' dir='ltr'><strong><em>πεντακοσίων</em></strong></span> <span class='ocrx_word' id='word_1_70' title='bbox 1281 1505 1409 1562; x_wconf 68' lang='grc' dir='ltr'><strong><em>δεεπΒι</em></strong></span> 
     </span>
    </p>

    <p class='ocr_par' dir='ltr' id='par_1_5' title="bbox 295 1596 1352 2115">
     <span class='ocr_line' id='line_1_11' title="bbox 295 1596 1352 1682; baseline 0 -16"><span class='ocrx_word' id='word_1_71' title='bbox 295 1626 323 1666; x_wconf 77' lang='grc' dir='ltr'><strong><em>ιο</em></strong></span> <span class='ocrx_word' id='word_1_72' title='bbox 337 1599 421 1666; x_wconf 79' lang='grc' dir='ltr'><strong><em>ἐτῶν</em></strong></span> <span class='ocrx_word' id='word_1_73' title='bbox 443 1604 491 1676; x_wconf 84' lang='grc' dir='ltr'><strong><em>είς</em></strong></span> <span class='ocrx_word' id='word_1_74' title='bbox 513 1622 590 1664; x_wconf 89' lang='grc' dir='ltr'><strong><em>τινα</em></strong></span> <span class='ocrx_word' id='word_1_75' title='bbox 611 1600 717 1665; x_wconf 86' lang='grc' dir='ltr'><strong><em>τόπον</em></strong></span> <span class='ocrx_word' id='word_1_76' title='bbox 738 1607 796 1682; x_wconf 80' lang='grc' dir='ltr'><strong><em>τῆς</em></strong></span> <span class='ocrx_word' id='word_1_77' title='bbox 818 1601 888 1664; x_wconf 84' lang='grc' dir='ltr'><strong><em>ἀνω</em></strong></span> <span class='ocrx_word' id='word_1_78' title='bbox 906 1597 1030 1676; x_wconf 87' lang='grc' dir='ltr'><strong><em>Ἰνδίας</em></strong></span> <span class='ocrx_word' id='word_1_79' title='bbox 1051 1596 1197 1664; x_wconf 78' lang='grc' dir='ltr'><strong><em>κατιέναι</em></strong></span> <span class='ocrx_word' id='word_1_80' title='bbox 1215 1598 1270 1665; x_wconf 78' lang='grc' dir='ltr'><strong><em>καί</em></strong></span> <span class='ocrx_word' id='word_1_81' title='bbox 1287 1621 1352 1666; x_wconf 89' lang='grc' dir='ltr'><strong><em>πα-</em></strong></span> 
     </span>
     <span class='ocr_line' id='line_1_12' title="bbox 335 1702 1352 1794; baseline 0 -22"><span class='ocrx_word' id='word_1_82' title='bbox 335 1706 550 1794; x_wconf 77' lang='grc' dir='ltr'><strong><em>ρασκευάζειν</em></strong></span> <span class='ocrx_word' id='word_1_83' title='bbox 586 1703 693 1794; x_wconf 75' lang='grc' dir='ltr'><strong><em>ἑαυτῷ</em></strong></span> <span class='ocrx_word' id='word_1_84' title='bbox 730 1707 766 1770; x_wconf 86' lang='grc' dir='ltr'><strong><em>έκ</em></strong></span> <span class='ocrx_word' id='word_1_85' title='bbox 802 1729 838 1780; x_wconf 88' lang='grc' dir='ltr'><strong><em>τε</em></strong></span> <span class='ocrx_word' id='word_1_86' title='bbox 873 1706 1088 1791; x_wconf 81' lang='grc' dir='ltr'><strong><em>κινναμώμου</em></strong></span> <span class='ocrx_word' id='word_1_87' title='bbox 1123 1702 1179 1772; x_wconf 78' lang='grc' dir='ltr'><strong><em>καί</em></strong></span> <span class='ocrx_word' id='word_1_88' title='bbox 1211 1706 1352 1791; x_wconf 86' lang='grc' dir='ltr'><strong><em>φύλλων</em></strong></span> 
     </span>
     <span class='ocr_line' id='line_1_13' title="bbox 334 1808 1350 1899; baseline 0.001 -21"><span class='ocrx_word' id='word_1_89' title='bbox 334 1813 463 1899; x_wconf 82' lang='grc' dir='ltr'><strong><em>νάρδου</em></strong></span> <span class='ocrx_word' id='word_1_90' title='bbox 485 1835 521 1878; x_wconf 89' lang='grc' dir='ltr'><strong><em>τε</em></strong></span> <span class='ocrx_word' id='word_1_91' title='bbox 543 1808 599 1877; x_wconf 84' lang='grc' dir='ltr'><strong><em>καὶ</em></strong></span> <span class='ocrx_word' id='word_1_92' title='bbox 622 1811 779 1898; x_wconf 77' lang='grc' dir='ltr'><strong><em>μαράθου</em></strong></span> <span class='ocrx_word' id='word_1_93' title='bbox 801 1818 944 1896; x_wconf 78' lang='grc' dir='ltr'><strong><em>θημῶνα</em></strong></span> <span class='ocrx_word' id='word_1_94' title='bbox 963 1810 1145 1897; x_wconf 83' lang='grc' dir='ltr'><strong><em>ἐπιβαίνειν</em></strong></span> <span class='ocrx_word' id='word_1_95' title='bbox 1161 1835 1197 1878; x_wconf 90' lang='grc' dir='ltr'><strong><em>τε</em></strong></span> <span class='ocrx_word' id='word_1_96' title='bbox 1215 1812 1350 1879; x_wconf 87' lang='grc' dir='ltr'><strong><em>τούτου·</em></strong></span> 
     </span>
     <span class='ocr_line' id='line_1_14' title="bbox 334 1914 1350 2006; baseline 0.001 -21"><span class='ocrx_word' id='word_1_97' title='bbox 334 1914 376 1985; x_wconf 89' lang='grc' dir='ltr'><strong><em>οὗ</em></strong></span> <span class='ocrx_word' id='word_1_98' title='bbox 404 1919 511 2004; x_wconf 78' lang='grc' dir='ltr'><strong><em>δῆθεν</em></strong></span> <span class='ocrx_word' id='word_1_99' title='bbox 539 1917 762 2003; x_wconf 78' lang='grc' dir='ltr'><strong><em>έξαπτομένου</em></strong></span> <span class='ocrx_word' id='word_1_100' title='bbox 787 1918 855 1984; x_wconf 87' lang='grc' dir='ltr'><strong><em>ύπό</em></strong></span> <span class='ocrx_word' id='word_1_101' title='bbox 879 1942 972 1997; x_wconf 89' lang='grc' dir='ltr'><strong><em>τινος</em></strong></span> <span class='ocrx_word' id='word_1_102' title='bbox 994 1919 1166 2004; x_wconf 79' lang='grc' dir='ltr'><strong><em>αἰφνιδίου</em></strong></span> <span class='ocrx_word' id='word_1_103' title='bbox 1189 1922 1350 2006; x_wconf 88' lang='grc' dir='ltr'><strong><em>δαίμονος</em></strong></span> 
     </span>
     <span class='ocr_line' id='line_1_15' title="bbox 334 2021 1349 2115; baseline 0.003 -24"><span class='ocrx_word' id='word_1_104' title='bbox 334 2025 438 2092; x_wconf 89' lang='grc' dir='ltr'><strong><em>αύτὸν</em></strong></span> <span class='ocrx_word' id='word_1_105' title='bbox 459 2021 522 2111; x_wconf 72' lang='grc' dir='ltr'><strong><em>μέν</em></strong></span> <span class='ocrx_word' id='word_1_106' title='bbox 544 2025 785 2094; x_wconf 90' lang='grc' dir='ltr'><strong><em>ἀναλίσκεσθαι</em></strong></span> <span class='ocrx_word' id='word_1_107' title='bbox 802 2033 849 2115; x_wconf 77' lang='grc' dir='ltr'><strong><em>τῷ</em></strong></span> <span class='ocrx_word' id='word_1_108' title='bbox 866 2023 949 2113; x_wconf 81' lang='grc' dir='ltr'><strong><em>πυρὶ</em></strong></span> <span class='ocrx_word' id='word_1_109' title='bbox 966 2026 1026 2092; x_wconf 86' lang='grc' dir='ltr'><strong><em>τὸν</em></strong></span> <span class='ocrx_word' id='word_1_110' title='bbox 1043 2029 1192 2111; x_wconf 89' lang='grc' dir='ltr'><strong><em>φοίνικα·</em></strong></span> <span class='ocrx_word' id='word_1_111' title='bbox 1215 2024 1283 2112; x_wconf 83' lang='grc' dir='ltr'><strong><em>μετ’</em></strong></span> <span class='ocrx_word' id='word_1_112' title='bbox 1306 2027 1349 2094; x_wconf 86' lang='grc' dir='ltr'><strong><em>ού</em></strong></span> 
     </span>
    </p>

    <p class='ocr_par' dir='ltr' id='par_1_6' title="bbox 291 2129 1349 2643">
     <span class='ocr_line' id='line_1_16' title="bbox 291 2129 1348 2220; baseline 0.001 -21"><span class='ocrx_word' id='word_1_113' title='bbox 291 2158 319 2200; x_wconf 76' lang='grc' dir='ltr'><strong><em>ιι</em></strong></span> <span class='ocrx_word' id='word_1_114' title='bbox 332 2135 420 2199; x_wconf 84' lang='grc' dir='ltr'><strong><em>πολὺ</em></strong></span> <span class='ocrx_word' id='word_1_115' title='bbox 445 2129 483 2199; x_wconf 75' lang='grc' dir='ltr'><strong><em>δὲ</em></strong></span> <span class='ocrx_word' id='word_1_116' title='bbox 506 2132 538 2213; x_wconf 78' lang='grc' dir='ltr'><strong><em>ἐξ</em></strong></span> <span class='ocrx_word' id='word_1_117' title='bbox 563 2132 669 2200; x_wconf 84' lang='grc' dir='ltr'><strong><em>αὐτοῦ</em></strong></span> <span class='ocrx_word' id='word_1_118' title='bbox 695 2135 929 2220; x_wconf 80' lang='grc' dir='ltr'><strong><em>παραπλήσιον</em></strong></span> <span class='ocrx_word' id='word_1_119' title='bbox 951 2132 1162 2219; x_wconf 79' lang='grc' dir='ltr'><strong><em>ἀναφύεσθαι</em></strong></span> <span class='ocrx_word' id='word_1_120' title='bbox 1186 2134 1348 2218; x_wconf 80' lang='grc' dir='ltr'><strong><em>σκώληκα,</em></strong></span> 
     </span>
     <span class='ocr_line' id='line_1_17' title="bbox 331 2235 1348 2326; baseline -0.001 -21"><span class='ocrx_word' id='word_1_121' title='bbox 331 2238 620 2324; x_wconf 86' lang='grc' dir='ltr'><strong><em>πτεροποιηθέντα</em></strong></span> <span class='ocrx_word' id='word_1_122' title='bbox 634 2235 672 2306; x_wconf 75' lang='grc' dir='ltr'><strong><em>δὲ</em></strong></span> <span class='ocrx_word' id='word_1_123' title='bbox 685 2247 882 2326; x_wconf 79' lang='grc' dir='ltr'><strong><em>παραχρῆμα</em></strong></span> <span class='ocrx_word' id='word_1_124' title='bbox 896 2236 950 2304; x_wconf 81' lang='grc' dir='ltr'><strong><em>ἐπὶ</em></strong></span> <span class='ocrx_word' id='word_1_125' title='bbox 963 2239 1023 2305; x_wconf 87' lang='grc' dir='ltr'><strong><em>τὸν</em></strong></span> <span class='ocrx_word' id='word_1_126' title='bbox 1031 2240 1128 2322; x_wconf 71' lang='grc' dir='ltr'><strong><em>ἥλιον</em></strong></span> <span class='ocrx_word' id='word_1_127' title='bbox 1136 2239 1348 2306; x_wconf 85' lang='grc' dir='ltr'><strong><em>ἀνίπτασθαι.</em></strong></span> 
     </span>
     <span class='ocr_line' id='line_1_18' title="bbox 330 2342 1348 2433; baseline -0.001 -22"><span class='ocrx_word' id='word_1_128' title='bbox 330 2347 509 2433; x_wconf 88' lang='grc' dir='ltr'><strong><em>πράττεται</em></strong></span> <span class='ocrx_word' id='word_1_129' title='bbox 541 2343 579 2412; x_wconf 71' lang='grc' dir='ltr'><strong><em>δέ</em></strong></span> <span class='ocrx_word' id='word_1_130' title='bbox 609 2348 708 2412; x_wconf 85' lang='grc' dir='ltr'><strong><em>τοῦτο</em></strong></span> <span class='ocrx_word' id='word_1_131' title='bbox 738 2342 792 2411; x_wconf 80' lang='grc' dir='ltr'><strong><em>ἐπὶ</em></strong></span> <span class='ocrx_word' id='word_1_132' title='bbox 819 2354 881 2411; x_wconf 88' lang='grc' dir='ltr'><strong><em>τοῦ</em></strong></span> <span class='ocrx_word' id='word_1_133' title='bbox 909 2343 947 2409; x_wconf 83' lang='grc' dir='ltr'><strong><em>ἐν</em></strong></span> <span class='ocrx_word' id='word_1_134' title='bbox 966 2345 1084 2411; x_wconf 89' lang='grc' dir='ltr'><strong><em>Ἡλίου</em></strong></span> <span class='ocrx_word' id='word_1_135' title='bbox 1109 2349 1204 2413; x_wconf 86' lang='grc' dir='ltr'><strong><em>πόλει</em></strong></span> <span class='ocrx_word' id='word_1_136' title='bbox 1231 2348 1348 2431; x_wconf 83' lang='grc' dir='ltr'><strong><em>βωμοῦ</em></strong></span> 
     </span>
     <span class='ocr_line' id='line_1_19' title="bbox 331 2451 1349 2535; baseline 0 -19"><span class='ocrx_word' id='word_1_137' title='bbox 331 2454 415 2518; x_wconf 84' lang='grc' dir='ltr'><strong><em>κατά</em></strong></span> <span class='ocrx_word' id='word_1_138' title='bbox 433 2454 492 2518; x_wconf 91' lang='grc' dir='ltr'><strong><em>τὸν</em></strong></span> <span class='ocrx_word' id='word_1_139' title='bbox 500 2451 741 2518; x_wconf 83' lang='grc' dir='ltr'><strong><em>Ἀπολλώνιον·</em></strong></span> <span class='ocrx_word' id='word_1_140' title='bbox 759 2452 965 2517; x_wconf 82' lang='grc' dir='ltr'><strong><em>τούντεῦθεν</em></strong></span> <span class='ocrx_word' id='word_1_141' title='bbox 983 2451 1024 2535; x_wconf 85' lang='grc' dir='ltr'><strong><em>δὴ</em></strong></span> <span class='ocrx_word' id='word_1_142' title='bbox 1042 2463 1109 2517; x_wconf 86' lang='grc' dir='ltr'><strong><em>τῶν</em></strong></span> <span class='ocrx_word' id='word_1_143' title='bbox 1123 2451 1349 2531; x_wconf 79' lang='grc' dir='ltr'><strong><em>ἐνδοξοτάτων</em></strong></span> 
     </span>
     <span class='ocr_line' id='line_1_20' title="bbox 331 2556 1348 2643; baseline 0 -20"><span class='ocrx_word' id='word_1_144' title='bbox 331 2560 415 2623; x_wconf 87' lang='grc' dir='ltr'><strong><em>κατά</em></strong></span> <span class='ocrx_word' id='word_1_145' title='bbox 455 2559 517 2642; x_wconf 77' lang='grc' dir='ltr'><strong><em>τὴν</em></strong></span> <span class='ocrx_word' id='word_1_146' title='bbox 552 2564 730 2640; x_wconf 79' lang='grc' dir='ltr'><strong><em>Αἴγυπτον</em></strong></span> <span class='ocrx_word' id='word_1_147' title='bbox 771 2561 1010 2624; x_wconf 89' lang='grc' dir='ltr'><strong><em>συνελθόντων</em></strong></span> <span class='ocrx_word' id='word_1_148' title='bbox 1048 2569 1150 2624; x_wconf 83' lang='grc' dir='ltr'><strong><em>τινῶν</em></strong></span> <span class='ocrx_word' id='word_1_149' title='bbox 1184 2556 1348 2643; x_wconf 84' lang='grc' dir='ltr'><strong><em>μετέωρος</em></strong></span> 
     </span>
    </p>

    <p class='ocr_par' dir='ltr' id='par_1_7' title="bbox 291 2661 1348 2852">
     <span class='ocr_line' id='line_1_21' title="bbox 291 2661 1348 2750; baseline 0 -21"><span class='ocrx_word' id='word_1_150' title='bbox 291 2690 318 2730; x_wconf 75' lang='grc' dir='ltr'><strong><em>νο</em></strong></span> <span class='ocrx_word' id='word_1_151' title='bbox 331 2661 450 2749; x_wconf 78' lang='grc' dir='ltr'><strong><em>ἀρθεὶς</em></strong></span> <span class='ocrx_word' id='word_1_152' title='bbox 478 2664 560 2748; x_wconf 87' lang='grc' dir='ltr'><strong><em>μετά</em></strong></span> <span class='ocrx_word' id='word_1_153' title='bbox 588 2673 809 2749; x_wconf 82' lang='grc' dir='ltr'><strong><em>παραπομπῆς</em></strong></span> <span class='ocrx_word' id='word_1_154' title='bbox 838 2675 906 2729; x_wconf 84' lang='grc' dir='ltr'><strong><em>τῶν</em></strong></span> <span class='ocrx_word' id='word_1_155' title='bbox 933 2663 1187 2750; x_wconf 88' lang='grc' dir='ltr'><strong><em>ἀθροισθέντων</em></strong></span> <span class='ocrx_word' id='word_1_156' title='bbox 1214 2666 1348 2730; x_wconf 86' lang='grc' dir='ltr'><strong><em>άπεισιν</em></strong></span> 
     </span>
     <span class='ocr_line' id='line_1_22' title="bbox 332 2764 525 2852; baseline -0.005 -18"><span class='ocrx_word' id='word_1_157' title='bbox 332 2769 416 2834; x_wconf 82' lang='grc' dir='ltr'><strong><em>ὅθεν</em></strong></span> <span class='ocrx_word' id='word_1_158' title='bbox 437 2764 525 2852; x_wconf 74' lang='grc' dir='ltr'><strong><em>ἧκεν.</em></strong></span> 
     </span>
    </p>

    <p class='ocr_par' dir='ltr' id='par_1_8' title="bbox 331 2870 1403 3171">
     <span class='ocr_line' id='line_1_23' title="bbox 401 2870 1403 2960; baseline 0.006 -23"><span class='ocrx_word' id='word_1_159' title='bbox 401 2874 451 2938; x_wconf 81' lang='grc'><strong><em>12.</em></strong></span> <span class='ocrx_word' id='word_1_160' title='bbox 471 2870 542 2939; x_wconf 83' lang='grc' dir='ltr'><strong><em>Ὅτι</em></strong></span> <span class='ocrx_word' id='word_1_161' title='bbox 566 2875 757 2957; x_wconf 90' lang='grc' dir='ltr'><strong><em>διοσημείας</em></strong></span> <span class='ocrx_word' id='word_1_162' title='bbox 779 2872 956 2958; x_wconf 78' lang='grc' dir='ltr'><strong><em>γινομένης</em></strong></span> <span class='ocrx_word' id='word_1_163' title='bbox 983 2875 1071 2960; x_wconf 82' lang='grc' dir='ltr'><strong><em>παρὰ</em></strong></span> <span class='ocrx_word' id='word_1_164' title='bbox 1088 2873 1258 2960; x_wconf 86' lang='grc' dir='ltr'><strong><em>Ῥωμαίοις</em></strong></span> <span class='ocrx_word' id='word_1_165' title='bbox 1276 2887 1403 2943; x_wconf 76' lang='lat' dir='ltr'><strong>deesth</strong></span> 
     </span>
     <span class='ocr_line' id='line_1_24' title="bbox 331 2979 1346 3067; baseline 0.003 -21"><span class='ocrx_word' id='word_1_166' title='bbox 331 2979 409 3046; x_wconf 86' lang='grc' dir='ltr'><strong><em>ούτε</em></strong></span> <span class='ocrx_word' id='word_1_167' title='bbox 433 2983 568 3064; x_wconf 82' lang='grc' dir='ltr'><strong><em>στρατιὰ</em></strong></span> <span class='ocrx_word' id='word_1_168' title='bbox 593 2979 732 3046; x_wconf 81' lang='grc' dir='ltr'><strong><em>ἐκινεῖτο</em></strong></span> <span class='ocrx_word' id='word_1_169' title='bbox 761 2980 838 3045; x_wconf 77' lang='grc' dir='ltr'><strong><em>οὔτε</em></strong></span> <span class='ocrx_word' id='word_1_170' title='bbox 861 2979 1016 3064; x_wconf 80' lang='grc' dir='ltr'><strong><em>ἐκκλησία</em></strong></span> <span class='ocrx_word' id='word_1_171' title='bbox 1038 2986 1255 3067; x_wconf 75' lang='grc' dir='ltr'><strong><em>συνετελεῑτο,</em></strong></span> <span class='ocrx_word' id='word_1_172' title='bbox 1281 2981 1346 3048; x_wconf 86' lang='grc' dir='ltr'><strong><em>κάν</em></strong></span> 
     </span>
     <span class='ocr_line' id='line_1_25' title="bbox 331 3084 1020 3171; baseline -0.001 -19"><span class='ocrx_word' id='word_1_173' title='bbox 331 3087 362 3152; x_wconf 81' lang='grc' dir='ltr'><strong><em>εἰ</em></strong></span> <span class='ocrx_word' id='word_1_174' title='bbox 385 3087 509 3170; x_wconf 79' lang='grc' dir='ltr'><strong><em>ὀλίγων</em></strong></span> <span class='ocrx_word' id='word_1_175' title='bbox 530 3087 687 3164; x_wconf 82' lang='grc' dir='ltr'><strong><em>ψεκάδων</em></strong></span> <span class='ocrx_word' id='word_1_176' title='bbox 710 3084 852 3164; x_wconf 80' lang='grc' dir='ltr'><strong><em>ἐπέψαυε</em></strong></span> <span class='ocrx_word' id='word_1_177' title='bbox 874 3087 1020 3171; x_wconf 83' lang='grc' dir='ltr'><strong><em>κώλυμα.</em></strong></span> 
     </span>
    </p>

    <p class='ocr_par' dir='ltr' id='par_1_9' title="bbox 291 3183 1392 3494">
     <span class='ocr_line' id='line_1_26' title="bbox 291 3183 1392 3281; baseline 0.003 -21"><span class='ocrx_word' id='word_1_178' title='bbox 291 3218 318 3260; x_wconf 77' lang='grc' dir='ltr'><strong><em>τι</em></strong></span> <span class='ocrx_word' id='word_1_179' title='bbox 400 3192 451 3256; x_wconf 86' lang='grc'><strong><em>13.</em></strong></span> <span class='ocrx_word' id='word_1_180' title='bbox 470 3190 542 3257; x_wconf 86' lang='grc' dir='ltr'><strong><em>Ὅτι</em></strong></span> <span class='ocrx_word' id='word_1_181' title='bbox 571 3183 732 3281; x_wconf 76' lang='grc' dir='ltr'><strong><em>ᾦτρόπφ</em></strong></span> <span class='ocrx_word' id='word_1_182' title='bbox 759 3191 778 3258; x_wconf 87' lang='grc' dir='ltr'><strong><em>δ</em></strong></span> <span class='ocrx_word' id='word_1_183' title='bbox 801 3201 862 3258; x_wconf 87' lang='grc' dir='ltr'><strong><em>τοῦ</em></strong></span> <span class='ocrx_word' id='word_1_184' title='bbox 885 3194 1050 3278; x_wconf 92' lang='grc' dir='ltr'><strong><em>μάγνητος</em></strong></span> <span class='ocrx_word' id='word_1_185' title='bbox 1071 3196 1169 3272; x_wconf 88' lang='grc' dir='ltr'><strong><em>λίθος</em></strong></span> <span class='ocrx_word' id='word_1_186' title='bbox 1191 3196 1250 3260; x_wconf 90' lang='grc' dir='ltr'><strong><em>τὸν</em></strong></span> <span class='ocrx_word' id='word_1_187' title='bbox 1267 3205 1392 3263; x_wconf 81' lang='lat' dir='ltr'><strong>RrIVn</strong></span> 
     </span>
     <span class='ocr_line' id='line_1_27' title="bbox 330 3295 1343 3386; baseline 0.005 -22"><span class='ocrx_word' id='word_1_188' title='bbox 330 3300 471 3383; x_wconf 87' lang='grc' dir='ltr'><strong><em>σίδηρον</em></strong></span> <span class='ocrx_word' id='word_1_189' title='bbox 499 3295 551 3383; x_wconf 77' lang='grc' dir='ltr'><strong><em>ἐφ’</em></strong></span> <span class='ocrx_word' id='word_1_190' title='bbox 584 3297 605 3363; x_wconf 82' lang='grc' dir='ltr'><strong><em>δ</em></strong></span> <span class='ocrx_word' id='word_1_191' title='bbox 631 3308 772 3364; x_wconf 75' lang='grc' dir='ltr'><strong><em>κινεῖται</em></strong></span> <span class='ocrx_word' id='word_1_192' title='bbox 801 3299 859 3363; x_wconf 87' lang='grc' dir='ltr'><strong><em>διά</em></strong></span> <span class='ocrx_word' id='word_1_193' title='bbox 885 3299 947 3382; x_wconf 79' lang='grc' dir='ltr'><strong><em>τὴν</em></strong></span> <span class='ocrx_word' id='word_1_194' title='bbox 975 3297 1151 3385; x_wconf 78' lang='grc' dir='ltr'><strong><em>ἐμφέρειαν</em></strong></span> <span class='ocrx_word' id='word_1_195' title='bbox 1175 3311 1235 3386; x_wconf 78' lang='grc' dir='ltr'><strong><em>τῆς</em></strong></span> <span class='ocrx_word' id='word_1_196' title='bbox 1260 3304 1343 3369; x_wconf 82' lang='grc' dir='ltr'><strong><em>κατὰ</em></strong></span> 
     </span>
     <span class='ocr_line' id='line_1_28' title="bbox 330 3403 1342 3494; baseline 0.005 -24"><span class='ocrx_word' id='word_1_197' title='bbox 330 3405 390 3471; x_wconf 87' lang='grc' dir='ltr'><strong><em>τὸν</em></strong></span> <span class='ocrx_word' id='word_1_198' title='bbox 418 3403 593 3489; x_wconf 78' lang='grc' dir='ltr'><strong><em>ἀσώματον</em></strong></span> <span class='ocrx_word' id='word_1_199' title='bbox 621 3406 724 3486; x_wconf 89' lang='grc' dir='ltr'><strong><em>λόγον</em></strong></span> <span class='ocrx_word' id='word_1_200' title='bbox 749 3403 932 3488; x_wconf 87' lang='grc' dir='ltr'><strong><em>δμοουσίου</em></strong></span> <span class='ocrx_word' id='word_1_201' title='bbox 961 3406 1130 3489; x_wconf 87' lang='grc' dir='ltr'><strong><em>δυνάμεως</em></strong></span> <span class='ocrx_word' id='word_1_202' title='bbox 1156 3407 1342 3494; x_wconf 85' lang='grc' dir='ltr'><strong><em>μεταφέρει,</em></strong></span> 
     </span>
    </p>

    <p class='ocr_par' dir='ltr' id='par_1_10' title="bbox 401 3558 1347 3635">
     <span class='ocr_line' id='line_1_29' title="bbox 401 3558 1347 3635; baseline 0.008 -22"><span class='ocrx_word' id='word_1_203' title='bbox 401 3566 457 3614; x_wconf 81' lang='lat' dir='ltr'><strong><em>v.3</em></strong></span> <span class='ocrx_word' id='word_1_204' title='bbox 476 3559 527 3628; x_wconf 70' lang='grc' dir='ltr'><strong><em>μὲν</em></strong></span> <span class='ocrx_word' id='word_1_205' title='bbox 545 3558 624 3615; x_wconf 77' lang='lat' dir='ltr'><strong>omis.</strong></span> <span class='ocrx_word' id='word_1_206' title='bbox 644 3559 677 3614; x_wconf 90' lang='lat' dir='ltr'><em>X</em></span> <span class='ocrx_word' id='word_1_207' title='bbox 737 3560 845 3631; x_wconf 80' lang='grc' dir='ltr'><strong><em>ψυχρὸς</em></strong></span> <span class='ocrx_word' id='word_1_208' title='bbox 867 3560 920 3632; x_wconf 87' lang='grc' dir='ltr'><strong><em>γδιρ</em></strong></span> <span class='ocrx_word' id='word_1_209' title='bbox 944 3560 1012 3628; x_wconf 59' lang='lat' dir='ltr'><strong><em>AS,</em></strong></span> <span class='ocrx_word' id='word_1_210' title='bbox 1034 3560 1092 3616; x_wconf 79' lang='grc' dir='ltr'><strong><em>ἐπεὶ</em></strong></span> <span class='ocrx_word' id='word_1_211' title='bbox 1114 3564 1163 3618; x_wconf 79' lang='grc' dir='ltr'><strong><em>καὶ</em></strong></span> <span class='ocrx_word' id='word_1_212' title='bbox 1185 3566 1294 3635; x_wconf 77' lang='grc' dir='ltr'><strong><em>ψυχρὸς</em></strong></span> <span class='ocrx_word' id='word_1_213' title='bbox 1309 3565 1347 3620; x_wconf 84' lang='lat' dir='ltr'><strong><em>H</em></strong></span> 
     </span>
    </p>
   </div>
   <div class='ocr_carea' id='block_1_3' title="bbox 329 3627 1343 3776">
    <p class='ocr_par' dir='ltr' id='par_1_11' title="bbox 329 3627 1343 3776">
     <span class='ocr_line' id='line_1_30' title="bbox 329 3627 1343 3702; baseline 0.006 -16"><span class='ocrx_word' id='word_1_214' title='bbox 329 3638 346 3686; x_wconf 79' lang='grc' dir='ltr'><strong><em>ό</em></strong></span> <span class='ocrx_word' id='word_1_215' title='bbox 364 3632 414 3686; x_wconf 79' lang='grc' dir='ltr'><strong><em>καλ</em></strong></span> <span class='ocrx_word' id='word_1_216' title='bbox 439 3627 560 3699; x_wconf 82' lang='grc' dir='ltr'><strong><em>ἀνέμους</em></strong></span> <span class='ocrx_word' id='word_1_217' title='bbox 578 3630 656 3686; x_wconf 81' lang='lat' dir='ltr'>omis.</span> <span class='ocrx_word' id='word_1_218' title='bbox 801 3636 816 3685; x_wconf 86' lang='grc'><strong>6</strong></span> <span class='ocrx_word' id='word_1_219' title='bbox 835 3631 938 3702; x_wconf 79' lang='grc' dir='ltr'><strong><em>γαλάζη</em></strong></span> <span class='ocrx_word' id='word_1_220' title='bbox 958 3631 991 3686; x_wconf 87' lang='grc' dir='ltr'><em>Χ</em></span> <span class='ocrx_word' id='word_1_221' title='bbox 1081 3638 1096 3686; x_wconf 79' lang='grc'>7</span> <span class='ocrx_word' id='word_1_222' title='bbox 1115 3631 1289 3701; x_wconf 78' lang='grc' dir='ltr'><strong><em>οἰωνίζονται</em></strong></span> <span class='ocrx_word' id='word_1_223' title='bbox 1306 3637 1343 3692; x_wconf 87' lang='grc' dir='ltr'><em>Η</em></span> 
     </span>
     <span class='ocr_line' id='line_1_31' title="bbox 330 3699 1339 3776; baseline 0.005 -18"><span class='ocrx_word' id='word_1_224' title='bbox 330 3708 364 3758; x_wconf 88' lang='grc'><strong><em>10</em></strong></span> <span class='ocrx_word' id='word_1_225' title='bbox 384 3701 425 3764; x_wconf 83' lang='grc' dir='ltr'><strong><em>είς</em></strong></span> <span class='ocrx_word' id='word_1_226' title='bbox 442 3722 506 3756; x_wconf 86' lang='grc' dir='ltr'><strong><em>τινα</em></strong></span> <span class='ocrx_word' id='word_1_227' title='bbox 524 3699 613 3757; x_wconf 88' lang='grc' dir='ltr'><strong><em>τόπον</em></strong></span> <span class='ocrx_word' id='word_1_228' title='bbox 630 3709 680 3771; x_wconf 83' lang='grc' dir='ltr'><strong><em>της</em></strong></span> <span class='ocrx_word' id='word_1_229' title='bbox 698 3701 755 3757; x_wconf 89' lang='grc' dir='ltr'><strong><em>ἀνω</em></strong></span> <span class='ocrx_word' id='word_1_230' title='bbox 774 3699 874 3771; x_wconf 78' lang='grc' dir='ltr'><strong><em>ἀνδίας,</em></strong></span> <span class='ocrx_word' id='word_1_231' title='bbox 893 3702 924 3756; x_wconf 88' lang='lat' dir='ltr'><strong><em>in</em></strong></span> <span class='ocrx_word' id='word_1_232' title='bbox 941 3719 1029 3774; x_wconf 73' lang='lat' dir='ltr'>marg.</span> <span class='ocrx_word' id='word_1_233' title='bbox 1046 3724 1087 3773; x_wconf 83' lang='grc' dir='ltr'><strong><em>γρ.</em></strong></span> <span class='ocrx_word' id='word_1_234' title='bbox 1103 3704 1142 3768; x_wconf 85' lang='grc' dir='ltr'><strong><em>είς</em></strong></span> <span class='ocrx_word' id='word_1_235' title='bbox 1159 3704 1297 3776; x_wconf 79' lang='grc' dir='ltr'><strong><em>αίγυπτον</em></strong></span> <span class='ocrx_word' id='word_1_236' title='bbox 1311 3708 1339 3775; x_wconf 79' lang='lat' dir='ltr'><strong><em>S,</em></strong></span> 
     </span>
    </p>
   </div>
   <div class='ocr_carea' id='block_1_4' title="bbox 328 3771 1359 3914">
    <p class='ocr_par' dir='ltr' id='par_1_12' title="bbox 328 3771 1359 3914">
     <span class='ocr_line' id='line_1_32' title="bbox 328 3771 1342 3900; baseline 0.005 -72"><span class='ocrx_word' id='word_1_237' title='bbox 328 3773 462 3900; x_wconf 47' lang='grc' dir='ltr'><strong><em>ἷρονηεεεεφ</em></strong></span> <span class='ocrx_word' id='word_1_238' title='bbox 481 3773 522 3855; x_wconf 71' lang='grc' dir='ltr'><strong><em>εἰς</em></strong></span> <span class='ocrx_word' id='word_1_239' title='bbox 535 3773 676 3844; x_wconf 74' lang='grc' dir='ltr'><strong><em>Αἴγυπτον</em></strong></span> <span class='ocrx_word' id='word_1_240' title='bbox 694 3773 726 3828; x_wconf 82' lang='grc' dir='ltr'><strong><em>ἐκ</em></strong></span> <span class='ocrx_word' id='word_1_241' title='bbox 742 3781 791 3843; x_wconf 78' lang='grc' dir='ltr'><strong><em>τῆς</em></strong></span> <span class='ocrx_word' id='word_1_242' title='bbox 809 3772 868 3827; x_wconf 88' lang='grc' dir='ltr'><strong><em>ἀνω</em></strong></span> <span class='ocrx_word' id='word_1_243' title='bbox 877 3771 984 3836; x_wconf 84' lang='grc' dir='ltr'><strong><em>Ἰνδίας</em></strong></span> <span class='ocrx_word' id='word_1_244' title='bbox 1055 3780 1086 3827; x_wconf 93' lang='grc'><strong><em>11</em></strong></span> <span class='ocrx_word' id='word_1_245' title='bbox 1106 3776 1211 3844; x_wconf 86' lang='grc' dir='ltr'><strong><em>φύλλον</em></strong></span> <span class='ocrx_word' id='word_1_246' title='bbox 1225 3777 1255 3845; x_wconf 81' lang='lat' dir='ltr'><strong><em>S,</em></strong></span> <span class='ocrx_word' id='word_1_247' title='bbox 1272 3778 1342 3848; x_wconf 82' lang='grc' dir='ltr'><strong><em>φάλ-</em></strong></span> 
     </span>
     <span class='ocr_line' id='line_1_33' title="bbox 403 3859 1359 3914; baseline 0.003 -16"><span class='ocrx_word' id='word_1_248' title='bbox 403 3859 502 3914; x_wconf 75' lang='grc' dir='ltr'><strong><em>εοτιρω</em></strong></span> <span class='ocrx_word' id='word_1_249' title='bbox 1356 3895 1359 3901; x_wconf 88' lang='grc'><em>.</em></span> 
     </span>
    </p>
   </div>
   <div class='ocr_carea' id='block_1_5' title="bbox 0 0 1542 4598">
    <p class='ocr_par' dir='ltr' id='par_1_13' title="bbox 0 0 1542 4598">
     <span class='ocr_line' id='line_1_34' title="bbox 0 0 1542 4598; baseline 0 5"><span class='ocrx_word' id='word_1_250' title='bbox 0 0 1542 4598; x_wconf 95' lang='lat' dir='ltr'><strong><em> </em></strong></span> 
     </span>
    </p>
   </div>
  </div>
 </body>
</html>
