3074 4598
446 523 555 579 LIBER
572 518 748 587 QUARTUS.
775 518 966 577 AUGUSTUS
1145 523 1208 588 157

149 715 155 727 ·
200 687 419 754 ἑπτακαίδεκα
454 681 652 771 ἐπαγομένφ.
705 682 725 749 ό
757 681 795 751 δὲ
820 682 1003 761 Ἰουλιανὸς
1033 681 1209 769 ἐμαχέσατο
1222 695 1250 752 X

200 796 331 878 ἀριστα·
359 786 408 871 εἷς
431 788 470 858 δὲ
496 790 532 857 ἐκ
557 797 614 873 τῆς
637 792 803 876 Περσικῆς
832 792 1001 877 φάλαγγος
1024 800 1093 856 τῶν
1114 796 1209 874 λεγο-

199 899 311 986 μένου
328 905 548 986 Σαρακηνῶν,
567 893 607 960 ,έκ
629 904 687 979 τῆς
709 894 907 981 ἀλουργίδος
929 895 1065 983 βασιλέα
1085 896 1209 963 ὑπολα-

199 1006 272 1091 βὼν
297 1005 458 1091 ἀνέκραγε
485 1004 630 1088 πατρίοις
652 1001 803 1086 “μαλχάν’
831 1003 934 1070 οἱονεὶ
961 1003 1127 1089 βασιλεύς·
1152 1002 1208 1069 καὶ

201 1109 337 1196 ἐπαφεὶς
356 1109 454 1197 ῥοιῖφ
472 1110 533 1194 τὴν
551 1105 732 1194 λεγομένην
750 1106 919 1192 ῥομφαίαν
937 1111 1091 1194 διήλασεν
1107 1109 1210 1176 αὐτὸν
1235 1136 1249 1178 τ

200 1219 283 1283 κατὰ
303 1224 364 1282 τοῦ
387 1217 500 1303 ἤτρου.
536 1224 596 1283 τοῦ
615 1211 652 1281 δὲ
669 1212 876 1300 Ὀρειβασίου
893 1218 1089 1299 κομίσαντος
1106 1217 1209 1283 αὐτὸν

201 1324 249 1400 είς
271 1322 331 1405 την
353 1323 566 1410 παρεμβολὴν
587 1319 643 1387 καὶ
666 1316 847 1385 διαθέσθαι
870 1320 910 1384 τὰ
932 1325 1101 1389 τελευταία
1126 1346 1208 1411 παρ-

196 1439 391 1516 αινοῦντος,
411 1429 606 1516 Ἴουβιαιδν
636 1424 699 1514 μὲν
727 1425 826 1503 αὐτὸς
857 1427 1085 1512 ψηφισάμενος
1115 1433 1208 1514 βασι-

200 1536 312 1602 λεύειν
334 1536 495 1604 ἐτελεύτα.

143 1652 269 1713 arma
294 1643 366 1708 119.
391 1645 435 1710 01
448 1640 510 1729 μέν
523 1641 585 1708 ἀπὸ
599 1641 741 1728 μεγάλης
759 1640 862 1728 ἀρχῆς
880 1638 1010 1726 ῥέοντες
1027 1642 1142 1728 ἀνεμοι
1155 1644 1201 1720 είς
1214 1652 1260 1708 XS

200 1751 328 1818 δώδεκα
349 1749 434 1836 μέρη
457 1758 518 1816 τοῦ
532 1748 702 1836 -δριῖοντος
724 1748 944 1834 διαιροῦνται,
968 1741 1016 1815 ὧν
1036 1746 1091 1815 καὶ
1112 1756 1208 1835 ἴσμεν
1222 1776 1247 1816 11

199 1858 240 1922 τά
271 1858 418 1942 ὀνόματα
451 1855 488 1921 ἐν
519 1857 632 1933 ἀλλοις
652 1903 746 1938 ....,
777 1852 833 1919 καὶ
865 1856 897 1921 οἱ
929 1850 991 1940 μέν
1018 1854 1072 1921 ἀπ’
1098 1855 1247 1924 αύτῶνΧ

198 1965 330 2048 ἀρκτων
351 1961 408 2054 καὶ
431 1972 492 2029 τοῦ
514 1961 581 2028 κατ’
605 1962 706 2038 αύτάς
723 1964 831 2027 πόλου
850 1961 980 2046 ῥέοντες
997 1961 1206 2048 ἀπαρκτίαι

197 2073 388 2153 καλοῦνται,
413 2071 445 2135 οἱ
469 2065 506 2134 δὲ
528 2068 591 2133 ἀπὸ
615 2067 741 2144 δύσεως
763 2069 954 2153 λσημερινῆς
977 2066 1150 2156 ζέφυροι,
1174 2073 1207 2138 ολ

198 2170 237 2240 δέ
260 2174 323 2240 ἀπὸ
346 2184 408 2241 τοῦ
430 2174 581 2259 ἀφανοῦς
603 2175 729 2257 νότοι,
752 2175 785 2239 ολ
808 2170 846 2239 δὲ
868 2173 932 2239 ἀπὸ
955 2172 1114 2259 ἀνατολῆς
1137 2179 1247 2261 lan-1⁶

197 2290 333 2366 μερινῆς
356 2280 588 2366 ἀπηλιῶται·
611 2291 679 2346 τῶν
697 2275 734 2344 δέ
751 2278 872 2366 μεταξὺ
895 2290 963 2345 τῶν
984 2278 1164 2366 εἰρημένων
1186 2282 1204 2350 ὁ

196 2383 260 2473 μὲν
287 2389 452 2475 προσεχὴς
478 2396 525 2477 τῷ
553 2387 745 2473 ἀπαρκτίᾳ
772 2389 942 2470 καικίας,
971 2385 1012 2451 δν
1038 2389 1121 2453 ἐνιοι
1149 2387 1205 2454 καί

195 2499 397 2581 Ἰδρασκίαν
419 2493 585 2579 λέγουσιν,
608 2492 626 2559 δ
646 2489 684 2558 δέ
701 2501 747 2580 τῷ
765 2493 916 2581 ζεφύρφ
939 2490 1142 2580 ἀργέστης,
1165 2493 1206 2560 δν

196 2601 232 2666 ολ
258 2597 319 2685 μὲν
346 2601 559 2687 ὀλυμπίαν,
591 2601 624 2666 ολ
655 2595 692 2665 δέ
721 2600 867 2683 ίάπυγα
893 2605 1045 2665 καλοῦσι·
1075 2611 1141 2666 τῶν
1167 2597 1206 2667 δέ

197 2707 317 2792 μεταξύ
345 2708 519 2794 ζεφύρου
545 2704 600 2772 καὶ
627 2708 744 2772 νότου
772 2702 875 2792 δμέν
900 2706 1062 2794 προσεχὴς
1082 2714 1128 2795 τῷ
1151 2710 1246 2786 ζετο

196 2814 308 2904 φύρφ
327 2818 411 2899 λίψ,
435 2812 453 2879 δ
473 2810 511 2880 δὲ
527 2822 573 2901 τῷ
590 2815 689 2900 νότφ
708 2815 928 2899 λιβόνοτος·
946 2824 1014 2880 τῶν
1031 2810 1069 2880 δέ
1085 2813 1199 2899 μεταξ“

196 2922 317 2987 νότου
345 2943 381 2986 τε
410 2918 467 2986 καὶ
497 2921 615 3006 εὔρου
644 2918 662 2985 δ
692 2914 754 3005 μὲν
780 2923 923 3004 πλησίον
952 2923 1133 3007 φερόμενος
1158 2931 1205 3011 τῷ

196 3028 297 3115 νότφ
316 3026 530 3113 εάρόνοτος
542 3030 698 3109 καλεῖται,
719 3021 790 3091 δδὲ
802 3033 849 3114 τῷ
863 3025 1060 3114 ἀπηλιώτη
1078 3021 1203 3115 εύρος·

198 3132 321 3218 ὁμοίως
349 3128 387 3198 δὲ
415 3130 471 3198 καὶ
498 3132 719 3216 ἀπηλιώτου
746 3130 866 3217 μεταξὺ
892 3129 948 3197 καί
975 3132 1205 3220 ἀπαρκτίου,

197 3238 217 3304 δ
245 3235 306 3322 μὲν
332 3239 496 3325 προσεχὴς
522 3246 568 3326 τῷ
591 3236 793 3324 ἀπηλιώτῃ
820 3243 965 3305 καλεῖται
991 3242 1158 3324 καικίας,
1186 3239 1245 3307 διο

269 3470 324 3520 v.4
348 3462 485 3535 ἀνέκραξε
506 3464 535 3520 Β
645 3462 828 3536 διόριβασίου
848 3465 876 3521 Α
985 3471 1004 3523 8
1027 3466 1154 3539 ίοβιανδν
1176 3467 1204 3521 Β

195 3540 233 3591 -10
247 3533 294 3591 ότι
312 3535 340 3590 ολ
359 3533 411 3606 μὲν
425 3534 742 3607 -1ἳ-ἀλλοιςδλμὲν
760 3535 839 3592 omis.
858 3537 912 3608 ΧΙ
934 3536 1032 3606 ἄνεμοι
1049 3539 1113 3607 post
1130 3539 1204 3592 διαι-

195 3607 354 3675 ροῦνταιδ
445 3612 477 3661 11
497 3602 583 3662 ὧν-
598 3611 632 3661 12
647 3605 738 3670 ἀλλοις
760 3606 838 3662 omis.
854 3607 889 3663 X
976 3613 1009 3662 12
1027 3609 1091 3678 post
1112 3606 1205 3672 ἄλλοις

195 3676 328 3733 lacunam
346 3677 484 3751 indicavi,
503 3677 543 3732 sic
559 3677 617 3733 fere
636 3677 812 3748 explendam:
837 3676 985 3752 (εὑρόντες
997 3677 1093 3753 αὐτὰ)
1109 3679 1169 3752 {ol}
1188 3680 1203 3735 δ

153 3749 226 3804 ..Β
299 3755 332 3804 14
350 3748 409 3804 ἀπό
427 3757 477 3820 της
494 3748 596 3819 δύσεως
613 3749 641 3804 Β
710 3754 746 3803 19
765 3748 1026 3821 ίατυγύκλουσινιλ
1097 3755 1129 3805 21
1148 3759 1204 3806 τῶν

194 3819 252 3874 ότω
269 3821 306 3889 A,
325 3837 395 3876 corr.
410 3822 450 3894 Α,
513 3825 546 3874 22
563 3838 593 3875 τε
611 3818 689 3875 omis.
704 3821 733 3875 Β
790 3826 824 3877 23
842 3819 985 3894 λιβονότος
1000 3821 1041 3892 Χ,
1059 3817 1205 3890 εόρόαοτος

136 3916 140 3924 ⁴
195 3890 296 3961 scripsi
368 3897 403 3946 25
425 3890 579 3962 ἀπηλιάτου
596 3893 625 3947 Α
