3074 4598
680 543 886 601 PRAEFATIO
1187 552 1286 612 LXVII

274 719 331 777 bus
353 715 394 794 Α,
422 731 528 773 manns
558 711 762 772 testimonium
789 728 843 771 nos
871 711 981 790 deficit,
1009 716 1078 792 quia
1104 734 1205 778 omnes
1230 721 1288 783 has

274 803 383 864 codicis
405 801 432 861 B
455 801 599 862 lectiones
625 817 685 858 uno
714 799 777 858 solo
805 799 893 859 modo
921 803 1060 881 explicari
1086 822 1171 880 posse
1198 811 1283 884 puto:

274 911 341 953 cum
364 890 518 966 sumimus,
541 888 720 964 exscriptum
743 905 811 946 eum
835 906 897 948 esse
920 909 955 950 ex
972 893 1001 951 A
1023 893 1059 952 ab
1077 893 1117 972 A,
1145 900 1287 956 correcto:

271 979 540 1056 locupletissimum
561 995 633 1037 uero
655 976 741 1035 huius
765 978 929 1037 sententiae
949 985 1107 1057 patronum
1125 971 1220 1042 adhiuo
1237 1005 1282 1044 re·

272 1068 399 1143 servavi,
423 1068 474 1143 qui
496 1066 546 1126 hio
570 1069 616 1126 est
637 1065 732 1125 locust
1000 1136 1013 1162 χ

337 1176 366 1234 p.
388 1155 461 1230 105,
477 1157 517 1215 19
537 1153 630 1235 μητρὸ
649 1146 706 1237 (=
721 1144 845 1236 μητρὸς)
863 1154 901 1230 Α,
924 1147 1023 1238 μητρο’
1034 1151 1202 1240 (accentum
1220 1180 1281 1222 cor-

271 1238 362 1328 rexit)
380 1245 432 1326 A„
455 1241 602 1325 μητρόχου
621 1244 655 1303 Β.

338 1334 496 1411 quominus
521 1337 623 1393 autem
646 1332 775 1393 codicem
797 1330 823 1390 B
846 1330 942 1391 filium
964 1333 1094 1394 dicamus
1118 1337 1224 1398 codicis
1242 1340 1279 1416 A,

269 1441 330 1482 una
348 1423 444 1483 adhuc
461 1444 494 1483 re
512 1423 703 1501 impedimur:
726 1419 845 1480 exhibet
863 1420 942 1480 enim
958 1421 984 1480 B
1002 1423 1179 1498 particulam
1196 1426 1280 1488 illam

268 1511 426 1597 χρόνῳ-
446 1509 628 1593 Περγαμηνὰ
650 1513 789 1570 καλοῦσιν
818 1502 877 1591 (ed.
900 1530 928 1588 p.
951 1506 1167 1594 14‚11—20)
1191 1513 1228 1573 ab
1250 1517 1278 1575 A

267 1603 417 1662 omissam.
464 1620 541 1679 quae
558 1602 664 1678 postea
684 1598 786 1658 addita
805 1616 867 1660 esse
890 1599 1107 1660 demonstretur
1130 1619 1177 1676 eo,
1200 1604 1278 1679 quod

267 1692 299 1751 in
322 1691 422 1752 codice
442 1691 468 1750 B
486 1692 629 1769 legimtur
645 1689 728 1748 uncis
746 1686 874 1762 seclusa3
896 1691 997 1748 tamen
1013 1692 1115 1764 restat,
1137 1692 1172 1748 ut
1189 1710 1277 1767 quae·

266 1798 383 1856 ramus,
408 1781 441 1839 in
464 1777 595 1857 quonam
619 1778 717 1838 codice
739 1779 897 1838 commissa
919 1778 960 1839 sit
980 1778 1052 1839 haec
1077 1778 1276 1856 interpolatio.

332 1869 571 1928 Reminiscamur
587 1869 650 1927 iam
668 1867 790 1926 duorum
808 1866 928 1926 illorum
942 1868 1152 1944 exemplarium
1164 1868 1275 1929 Romae

265 1956 457 2033 scriptorum,
487 1956 637 2015 Allatiani
665 1960 695 2015 et
715 1954 889 2030 Mariniani3
922 1975 1045 2033 quorum
1072 1976 1139 2017 cum
1161 1957 1217 2018 hoc
1239 1978 1274 2019 ex

264 2045 317 2103 illo
351 2043 510 2103 deductum
540 2062 603 2104 esse
634 2045 760 2117 constet,
793 2043 830 2101 de
860 2043 947 2104 huius
980 2045 1090 2123 origine
1121 2047 1274 2108 dicendum

157 2164 160 2172 ·
264 2132 394 2209 amplius
423 2150 483 2191 non
513 2135 566 2191 est
614 2148 789 2208 quaeramus
819 2133 933 2206 autem,
964 2131 1039 2191 nude
1065 2132 1196 2194 Allatins
1226 2156 1272 2195 ex·

265 2221 418 2297 scripserit
441 2239 484 2295 ea,
511 2220 618 2296 quibus
640 2221 744 2296 postea
766 2236 836 2278 usus
861 2221 906 2278 est
927 2219 1081 2281 Mau’nius:
1110 2220 1182 2281 dicit
1202 2242 1273 2284 uero

263 2311 299 2369 de
317 2309 364 2370 his
384 2308 546 2384 Schowius,
570 2308 652 2367 cuius
670 2324 759 2385 supra
777 2307 933 2368 attulimus
949 2306 1048 2385 rerba,
1070 2311 1272 2389 apographum

262 2398 464 2459 Maximianum
488 2390 531 2480 (h.
555 2418 580 2458 e.
603 2387 803 2477 Allatianum)
826 2395 957 2473 incipere
980 2396 1081 2457 eodem
1102 2397 1189 2458 modo
1213 2419 1270 2476 quo

262 2487 393 2547 codicem
415 2487 622 2561 Barbaricum,
645 2482 753 2565 βροντὴ
776 2487 846 2563 act,
869 2504 922 2545 nec
945 2485 1026 2545 aliud
1048 2486 1204 2547 discrimen
1226 2490 1270 2548 in-

260 2575 411 2635 tercedere
433 2575 513 2635 inter
539 2574 616 2634 illud
643 2577 674 2634 et
694 2573 898 2633 Barberiuum
945 2593 1020 2651 quae
1047 2594 1113 2635 cum
1139 2577 1184 2635 ita
1210 2578 1271 2638 sint

261 2683 387 2741 cumque
417 2664 534 2723 nullum
561 2665 643 2724 extet
668 2662 827 2742 vestigium
858 2662 980 2724 alterius
1008 2663 1115 2724 codicis
1141 2663 1268 2742 Lydiani

260 2752 425 2812 Barherino
448 2752 569 2829 similis,
598 2753 651 2829 qui
672 2754 741 2811 tunc
764 2751 876 2811 Romae
901 2751 1004 2827 fuerit,
1029 2752 1175 2813 Allatium
1197 2774 1268 2831 quo

261 2860 317 2919 que
340 2862 356 2901 e
378 2839 543 2901 Barberino
571 2859 626 2901 sua
650 2841 782 2900 hausisse
804 2858 859 2915 pro
883 2843 962 2901 certo
984 2839 1085 2902 habeo.
1131 2843 1183 2904 sed
1208 2843 1269 2904 iam

258 2933 388 2991 testatur
419 2930 498 2990 idem
531 2928 696 3005 dobenina,
726 2929 905 3005 particulam
936 2930 1020 2989 illam
1050 2930 1086 2990 de
1118 2933 1220 2992 charta
1248 2953 1267 2993 a

257 3019 430 3079 Ptolemaeo
448 3020 572 3079 inventa
590 3018 669 3096 apud
681 3018 842 3078 Marinium
859 3019 999 3080 extitisse.
1035 3020 1148 3080 sivero
1167 3040 1202 3080 er
1219 3041 1266 3082 me

179 3108 181 3111 ’
259 3109 425 3184 quaeritur,
454 3107 602 3184 quomodo
627 3108 740 3166 factum
762 3107 815 3180 sit,
842 3110 877 3165 ut
902 3107 981 3167 inter
1001 3106 1195 3167 Barberinum
1218 3128 1264 3168 co·

257 3196 353 3254 dicem
383 3198 413 3254 et
438 3195 561 3254 Marinii
590 3194 794 3272 apographum
822 3194 969 3254 intrusum
998 3195 1038 3255 sit
1065 3195 1264 3273 fragmentum

255 3283 341 3358 illua
364 3284 461 3343 facere
484 3301 545 3342 non
567 3300 696 3360 possum,
718 3283 790 3357 quin
813 3300 941 3357 sumam,
967 3283 1113 3343 Allatium
1135 3284 1212 3343 illud
1231 3286 1264 3345 in

256 3372 391 3450 margine
415 3370 564 3430 addidisse
587 3370 757 3449 apographo
781 3386 844 3445 suo,
867 3371 923 3446 cui,
945 3374 980 3430 ut
996 3370 1190 3432 bibliothecae
1203 3373 1263 3432 Va-

254 3462 373 3519 ticanae
387 3460 511 3535 custodi,
534 3459 618 3520 facili
637 3477 705 3519 casu
718 3461 805 3518 notus
820 3477 883 3518 esse
901 3461 1000 3535 potuit
1017 3462 1106 3520 codex
1125 3461 1261 3538 aliquise

254 3548 411 3609 Vaticanis
428 3548 475 3623 iis,
498 3549 530 3607 in
555 3566 614 3626 quo
634 3548 689 3608 hoc
705 3547 816 3625 legitur
835 3551 1003 3624 excerptum
1021 3541 1162 3631 (GDE)¹.
1198 3554 1262 3610 tum

328 3769 443 3825 ¹simili
467 3769 551 3825 modo
583 3769 619 3824 ab
644 3767 749 3825 Allatio
774 3768 805 3823 in
829 3767 941 3823 Libanii
974 3767 1081 3825 codices
1107 3768 1259 3827 Vaticanus

251 3844 335 3898 notas
360 3859 376 3897 e
399 3841 542 3897 codicibus
566 3840 727 3896 Barben'nis
751 3840 913 3912 desumptas
936 3839 1032 3895 illatas
1056 3857 1116 3896 csse
1139 3841 1258 3914 benigne

252 3930 297 3968 me
315 3913 425 3968 monuit
442 3913 475 3968 R.
495 3912 632 3968 Foerster.

1062 4001 1096 4057 θ*
