3074 4598
663 496 869 553 PRAEFATIO
1152 500 1267 559 XXXIII

261 667 432 732 enumeravi
459 668 559 725 autem
585 663 639 724 hos
667 663 749 724 locos
776 663 957 741 accuratius,
993 664 1127 740 quamvis
1157 667 1265 730 codicis

260 755 376 819 P-h.
390 775 415 814 e.
429 753 507 831 Lydi
519 785 564 797 -
576 751 691 811 nullam
708 768 819 811 novam
836 753 976 814 afferrent
988 753 1152 829 lectionem,
1173 757 1217 830 ut,
1240 758 1265 817 si

259 844 353 906 iniis
378 842 459 921 apud
479 840 658 903 Selinusium
678 839 842 917 offenderis,
868 843 972 902 statim
997 840 1082 917 scias,
1105 841 1180 902 unde
1206 842 1266 904 sint

259 931 355 1012 petiti

327 1055 443 1116 Codicis
474 1052 499 1114 P
529 1051 604 1113 folia
637 1052 717 1112 103²
730 1068 795 1128 sqq.
825 1069 914 1128 porro
943 1059 1125 1132 occupantur
1158 1054 1263 1116 disser-

259 1144 374 1206 tatione
397 1142 470 1204 satis
493 1141 594 1220 ampla
615 1135 682 1221 saepi
703 1137 835 1219 οὐρανοῦ
856 1136 906 1199 acl
927 1149 998 1222 γῆς,
1020 1140 1119 1224 ἡλίου,
1141 1143 1265 1224 σελήνης

259 1231 309 1296 καὶ
341 1229 469 1313 ἀστέρων
499 1227 550 1291 καὶ
579 1227 688 1311 χρόνον
718 1224 770 1288 nal
800 1223 918 1307 ἡμερῶν
952 1227 1004 1290 ναὶ
1035 1241 1137 1310 μηνῶν
1167 1233 1265 1312 ignoti

259 1321 402 1398 auctoris3
424 1320 589 1399 inspectum
612 1321 712 1379 autem
735 1316 773 1377 ab
796 1317 849 1378 illo
867 1315 1036 1393 Lydianum
1058 1320 1094 1379 de
1115 1321 1264 1383 mensibus

257 1412 367 1472 librum
385 1428 448 1471 esse
464 1413 587 1489 propter
602 1407 827 1484 inscriptionem
844 1402 912 1485 περὶ
929 1414 1033 1485 μηνῶν
1050 1407 1175 1468 vixerit
1192 1411 1265 1487 quin
1313 1410 1317 1419 ’

257 1500 353 1579 primo
368 1499 509 1578 adspectu
526 1496 662 1560 coniciet
699 1494 780 1574 quod
797 1496 898 1555 tamen
915 1513 975 1555 nno
990 1497 1053 1557 solo
1066 1496 1131 1557 loco
1145 1497 1263 1559 demon·

258 1589 348 1650 strarl
365 1591 474 1667 potest,
495 1588 568 1650 folio
593 1587 677 1663 109³,
698 1584 752 1645 ubi
774 1584 901 1664 legimus
922 1583 1008 1644 haec:
1031 1582 1092 1646 ἐπεὶ
1114 1582 1145 1646 δὲ
1167 1583 1208 1659 εἰς
1230 1585 1263 1649 τὸ

257 1674 470 1760 ἦμεμσνύκτιον
486 1673 716 1756 κατηντήσαμεν,
734 1669 827 1755 χρεὼν
844 1671 938 1735 εἰπεῖν
954 1670 1003 1734 eal
1023 1672 1103 1748 ὅντως
1117 1682 1202 1735 τοῦτο
1215 1677 1262 1737 λσ-

257 1759 455 1850 γίζετσιτταρ’
480 1763 611 1837 ἑκάστοις
633 1767 697 1837 τοῖς
718 1761 848 1840 ἔθνεσιν,
870 1755 922 1823 εἶτ’
947 1753 1003 1824 οὖν
1026 1761 1105 1837 ὅπως
1126 1760 1146 1843 ἡ
1168 1758 1263 1844 ἡμέρα

258 1859 407 1936 μετρεῖται
451 1852 637 1934 Βαβυλώνιοι
660 1848 714 1932 μὲν
736 1842 793 1913 οὖν
814 1855 884 1932 κτλ,
907 1854 937 1912 et
959 1856 1098 1913 secuntur
1118 1871 1161 1930 ea,
1186 1871 1262 1930 quae

257 1943 396 2004 editionis
413 1963 441 2019 p.
454 1945 504 2020 18,
515 1943 706 2017 12-20,12
729 1942 884 2020 leguntur:
906 1940 1049 2018 pleraque
1067 1942 1144 2003 enim
1155 1942 1262 2004 horum

256 2049 394 2094 versuum
410 2029 502 2090 rerba
523 2048 591 2089 cum
612 2028 734 2104 reliquis
752 2028 895 2105 Lydianis
913 2029 1061 2090 codicibus
1079 2031 1261 2108 conspiraut3

255 2120 308 2180 ubi
328 2137 399 2179 vero
421 2117 556 2196 pleniora
578 2118 663 2194 suut,
691 2116 759 2194 ipso
787 2116 1001 2177 sententiarum
1029 2137 1106 2178 nexu
1133 2120 1261 2198 genuina

256 2209 311 2268 illa
341 2224 404 2267 esse
436 2206 672 2281 demonstratur,
707 2223 775 2266 cum
809 2205 842 2264 in
871 2204 995 2282 reliquis
1027 2206 1140 2283 aliquid
1169 2207 1260 2268 inter·

257 2296 361 2358 cidisse
382 2297 495 2373 pateat.
538 2293 667 2373 protulit
692 2296 794 2354 antem
823 2293 972 2370 quondam
1000 2293 1033 2354 in
1061 2295 1156 2355 lucem
1184 2297 1261 2357 hanc

255 2385 476 2464 paragraphum
493 2383 578 2461 Lydo
596 2383 628 2442 iu
648 2381 900 2461 comparationem
917 2383 1025 2444 vocato
1042 2382 1260 2464 Boissonadius‚

256 2473 367 2534 nneec
380 2491 476 2552 graec.
489 2473 505 2533 I
520 2492 549 2549 p.
564 2473 629 2533 420
643 2489 716 2549 sqq„
738 2489 798 2530 non
820 2470 878 2530 nisi
899 2470 933 2530 in
954 2471 1110 2532 levissimis
1126 2471 1260 2535 minutiis

256 2561 423 2637 discrepans
446 2559 484 2620 ab
505 2560 544 2621 iis
567 2578 643 2636 quae
665 2559 728 2637 ipse
750 2559 825 2619 mihi
846 2558 953 2639 legisse
975 2560 1057 2621 uisus
1079 2580 1151 2621 sum.

321 2702 387 2762 Iam
408 2701 482 2763 folio
506 2702 568 2761 81¹
588 2700 692 2761 finitur
718 2701 752 2761 in
780 2701 880 2763 codice
901 2700 926 2760 P
949 2704 1120 2779 conspectus
1146 2703 1260 2764 dierum

254 2790 378 2870 quidam
400 2790 561 2852 secundum
582 2789 673 2850 lunae
695 2808 817 2850 cursum
842 2789 1014 2866 institutus,
1042 2810 1128 2868 quem
1150 2792 1259 2870 excipit

257 2882 403 2941 naeuus
426 2879 462 2939 de
485 2878 668 2959 singulorum
696 2879 842 2940 meusium
871 2878 973 2940 diebus
1002 2898 1159 2958 eorumque
1181 2899 1259 2942 com·

253 2971 327 3048 puto
346 2969 448 3030 eadem
461 2969 522 3029 fere
540 2968 737 3046 complectens
756 2986 833 3046 quae
850 2971 988 3046 excerpta
1005 2969 1059 3030 illa
1076 2970 1257 3047 reliquorum

255 3058 404 3135 codicum,
440 3056 547 3134 quibus
583 3054 651 3137 περὶ
685 3052 819 3137 βισέξτσν
852 3055 1012 3118 inscribere
1047 3059 1155 3119 solent:
1205 3060 1258 3136 qui

253 3146 392 3223 quamvis
415 3165 431 3205 σ
453 3144 537 3221 Lydo
561 3144 753 3222 depromptus
776 3145 828 3222 sit,
857 3148 958 3205 tamen
987 3148 1109 3223 propter
1134 3146 1258 3208 nimiam

253 3233 493 3293 immutationem
523 3231 681 3293 verborum
711 3232 797 3294 nobis
828 3233 897 3292 usui
926 3252 987 3294 nou
1018 3237 1071 3294 est
1123 3235 1258 3311 sequitur

254 3324 355 3382 autern
376 3319 546 3381 dissertatio
569 3320 715 3397 quaedem
734 3320 772 3380 de
789 3321 935 3382 novilunii
951 3321 1043 3399 feriis,
1065 3341 1124 3399 qua
1140 3322 1257 3402 integra

251 3412 372 3471 servata
394 3427 456 3470 csse
483 3409 623 3469 videntur
642 3408 798 3470 Laurentii
818 3408 922 3471 verba:
948 3409 1063 3470 faciunt
1090 3411 1166 3471 enim
1186 3410 1255 3472 iude

253 3499 458 3576 ap.50,11
488 3517 556 3559 cum
582 3496 607 3556 P
633 3496 743 3575 reliqui
770 3517 888 3575 quoque
915 3498 1037 3558 codices
1081 3498 1159 3560 felici
1184 3518 1255 3560 rero

253 3605 324 3648 casu
349 3586 470 3664 accidit,
500 3588 536 3647 ut
561 3586 594 3645 iu
622 3603 657 3646 ea
683 3604 761 3663 quae
787 3605 865 3647 nunc
891 3604 968 3647 nova
1000 3587 1123 3648 accessit
1152 3587 1256 3648 fabula

254 3676 289 3736 de
319 3676 449 3735 murium
479 3674 607 3736 iocinore
638 3693 675 3734 ex
700 3675 847 3735 Archelao
872 3674 969 3751 petita
998 3667 1041 3756 (p.
1065 3678 1143 3753 ⁵²2⁶
1162 3667 1255 3758 sqq.)‚

254 3764 363 3825 diserto
389 3763 484 3842 ipsius
506 3763 662 3823 Laurentii
689 3764 860 3824 testimonio
888 3763 1151 3839 demonstraretur,
1179 3764 1256 3825 refe.

251 3853 375 3913 rendam
396 3853 482 3913 illam
499 3871 560 3914 esse
583 3852 623 3911 ad
643 3851 752 3912 librum
775 3852 809 3913 de
830 3852 979 3913 mensibus
997 3844 1048 3935 (de
1062 3855 1116 3914 ost.
1128 3873 1157 3932 p.
1172 3854 1251 3929 16,1

305 3961 387 4003 Ianus
400 3961 435 4004 ed
448 3961 597 4004 wnenaeu
1083 3967 1099 4007 0
