3074 4598
614 501 723 557 LIBER
739 499 876 555 PRIMUS
960 560 963 568 ,
1229 504 1248 568 7

235 673 435 760 Ἀφροδίτης
452 669 525 751 ἤτοι
544 672 601 746 τῆς
619 669 689 745 γῆς.
725 661 867 748 ὕστερον
885 662 923 730 δὲ
941 667 1059 751 ἤρισαν
1077 664 1111 730 οἱ
1128 663 1287 730 ΓύλλοιΡ

239 777 315 863 περὶ
338 774 521 859 δμοτιμίας,
543 765 598 834 καὶ
621 765 807 851 προσετέθη
831 769 868 834 τὸ
890 769 1025 855 βένετον
1047 769 1104 835 διά
1126 768 1164 833 τὸ
1182 791 1249 834 τοι-

239 885 341 952 ούτου
363 879 536 964 χρώματος
558 867 645 939 εἶναι
668 873 707 937 τά
731 873 844 955 ἱμάτια
866 875 986 961 αὐτῶν,
1008 877 1055 952 είς
1071 874 1172 959 τιμὴν
1188 883 1249 939 τοῦ

237 987 376 1072 Κρόνου
398 982 419 1067 ἦ
441 984 570 1075 μᾶλλον
591 986 652 1043 τοῦ
676 979 898 1056 Ποσειδῶνος.
941 984 1073 1068 χρόνοις
1096 977 1134 1046 δέ
1156 978 1248 1045 ὕστε-

191 1085 196 1091 ’
239 1099 301 1179 ’ρον
329 1090 457 1163 ίκανοῖς
484 1088 636 1170 Σεβῆρος
663 1082 682 1149 δ
705 1086 861 1168 βασιλεὺς
884 1082 1049 1171 Ῥωμαίων
1074 1088 1158 1154 κατά
1185 1088 1248 1152 Νί-
1273 1112 1286 1152 ε

237 1218 334 1282 μερος
364 1191 601 1278 ἐκστρατεύσας
629 1187 685 1254 καὶ
715 1191 762 1267 είς
790 1189 828 1254 τὸ
854 1191 1037 1269 Βυζάντιον
1064 1193 1248 1280 παραγενό-

238 1323 345 1387 μενος,
367 1299 430 1383 τὴν
448 1307 513 1363 νῦν
529 1298 790 1362 Κωνσταντίνου
807 1296 909 1360 πόλιν
930 1294 985 1361 καὶ
1006 1300 1163 1381 βασιλίδα
1181 1311 1247 1366 τῶν

238 1409 366 1472 πόλεων
389 1405 540 1488 ἁπασῶν,
563 1405 662 1482 κτιῖει
684 1398 746 1486 μὲν
773 1401 878 1468 ἐκεῖσε
901 1403 957 1468 διά
978 1403 1015 1469 τὸ
1037 1412 1095 1488 τῆς
1122 1406 1248 1483 πόλεως

239 1507 407 1597 ἐπιτερπὲς
421 1512 566 1596 λουτρὸν
583 1505 805 1593 παμμέγεθες·
824 1507 933 1594 εὑρὼν
950 1504 988 1574 δέ
1002 1507 1056 1574 καὶ
1071 1511 1132 1575 τὸν
1143 1531 1248 1595 παρα-

236 1619 390 1700 κείμενον
416 1618 521 1682 τόπον
547 1625 618 1692 τοῖς
640 1615 841 1700 Διοσκόροις
868 1612 1084 1701 ἀνακείμενον
1115 1614 1247 1700 ἐποίησε
1260 1643 1287 1683 ιο

236 1730 356 1788 τοῦτον
385 1723 623 1808 ἱπποδρόμιον,
657 1721 776 1807 ἰκρίοις
803 1718 859 1788 καῖ
887 1733 997 1800 στοαῖς
1024 1724 1246 1808 διακοσμήσας

235 1828 349 1914 αὐτόν,
371 1827 427 1895 καί
446 1831 547 1908 άλσος
568 1827 710 1906 ἐκκόψας
731 1828 794 1895 δύο
812 1840 916 1895 τινῶν
938 1829 1092 1916 ἀδελφῶν
1113 1831 1245 1898 ὑποκεί-

236 1958 337 2021 μενον
356 1936 530 2022 δεσποτεία
547 1933 603 2000 καί
622 1935 670 2011 είς
687 1935 724 2000 τὸ
743 1944 808 2000 νῦν
826 1934 996 2020 δρώμενον
1013 1937 1133 2015 κάλλος
1146 1949 1244 2006 τοῦτο

234 2042 436 2126 μεταγαγών.
483 2042 534 2106 ὅτι
561 2039 713 2124 Ῥωμαῖοι
749 2042 790 2105 τά
826 2041 943 2124 διῖυγα
973 2043 1100 2129 ἅρματα
1131 2048 1350 2129 βίναςῦεᾱτεικ

234 2147 386 2234 ἐκάλουν,
409 2147 442 2226 ἐξ
466 2142 515 2213 ὧν
536 2144 592 2212 καὶ
614 2145 771 2231 βιγάριοι.
1257 2183 1284 2221 ις

179 2264 250 2334 RrI,
262 2271 294 2320 13
335 2255 384 2320 13.
414 2253 569 2330 Πλεύσας
592 2252 723 2319 ἐκεῖθεν
744 2254 882 2330 Αἰνείας
908 2256 988 2340 μετὰ
1014 2257 1139 2332 πολλάς
1167 2257 1283 2336 ὄσαςΧ

231 2362 360 2441 πλάνας
382 2362 557 2445 κατάγεται
580 2359 618 2426 ἐν
639 2362 734 2426 πόλει
752 2370 810 2445 τῆς
823 2359 962 2437 Ἰταλίας
979 2361 1140 2447 λεγομένη
1155 2366 1244 2427 Λαυ-

233 2471 356 2554 ρεντία,
383 2469 426 2552 ἣν
449 2465 504 2533 καὶ
522 2466 684 2550 Ὀππικήν
706 2485 810 2552 φασιν
832 2466 1064 2552 ὀνομασθῆναί
1087 2491 1182 2552 ποτε,
1209 2468 1242 2548 ἐξ

232 2569 272 2657 ἧς
297 2572 353 2640 καὶ
376 2574 576 2658 ὀππικιζειν,
603 2569 660 2638 καὶ
682 2573 727 2650 ὡς
753 2574 790 2638 τὸ
817 2577 963 2658 πλῆθος,
990 2574 1179 2659 όφφικίζειν
1205 2577 1242 2641 τὸ

231 2682 445 2767 βαρβαρίζειν
463 2677 582 2747 Ἰταλοὶ
605 2677 771 2762 λέγουσιν.
807 2674 879 2746 εἶτα
897 2679 1161 2767 ἐπιγαμβρεύσας
1174 2686 1242 2747 Λα-
1255 2706 1282 2747 ιο

228 2789 311 2874 τίνῳ
334 2787 548 2872 βασιλεύοντι
570 2795 629 2871 τῆς
651 2786 760 2873 χώρας
782 2788 882 2863 αὐτός
905 2811 939 2854 τε
957 2789 1155 2873 βασιλεύσας
1173 2813 1242 2876 τρι-

229 2891 286 2959 σὶν
313 2893 479 2973 ἐνιαυτοῖς
509 2902 642 2981 οἴχεται.
687 2894 857 2960 τοσούτων
884 2889 947 2960 οὖν
974 2894 1241 2975 ἐπιξενωθέντων

229 3007 287 3084 τῆς
299 2997 451 3084 Ἰταλίας,
471 3002 580 3087 ὥσπερ
599 2999 745 3084 ἐδείχθη,
764 3003 931 3078 Λατίνους
948 2997 1008 3086 μὲν
1025 3005 1104 3081 τοὺς
1123 3001 1345 3073 ἐπι-Χῖεᾶιειι.

229 3107 465 3190 χωριάζοντας,
489 3109 655 3191 Γραικοὺς
678 3102 715 3172 δὲ
737 3109 816 3183 τοὺς
841 3104 1064 3190 ἕλληνιῗοντας
1088 3109 1239 3194 ἐκάλουν,

230 3209 293 3275 ἀπὸ
313 3214 463 3276 Λατίνου
481 3222 542 3277 τοῦ
561 3214 635 3296 άρτι
653 3211 734 3295 ἡμῖν
752 3211 914 3298 ῥηθέντος
931 3211 985 3278 καὶ
1000 3217 1155 3299 Γραικοῦ,
1174 3227 1240 3281 τῶν
1252 3226 1278 3280 Χ

229 3314 396 3401 ἀδελφῶν,
420 3318 465 3394 ὥς
488 3336 591 3402 φησιν
608 3316 764 3394 Ἡσίοδος
787 3316 824 3383 ἐν
846 3319 1062 3401 Καταλόγοις·
1252 3345 1278 3386 ιε

299 3595 324 3633 v.
345 3584 379 3634 14
398 3577 441 3634 ὅτι
451 3577 582 3650 Ῥωμαῖοι
593 3610 626 3620 -
643 3584 676 3633 1ο
690 3578 812 3651 βιγάριυι
827 3577 927 3704 (ῖεοτρ.
942 3578 1053 3635 Cedren.
1068 3580 1134 3636 hist.
1149 3599 1235 3653 comp.

225 3668 255 3740 P,
270 3654 349 3718 299‚s
366 3650 456 3706 Bonn.
548 3656 582 3705 17
605 3649 709 3721 κατάηε
724 3651 752 3705 Β
838 3655 871 3704 19

234 3721 327 3775 Ιταλοὶ
345 3721 373 3775 Β
394 3725 399 3792 Ι
420 3718 492 3795 εἶτα]
512 3720 536 3778 εί
554 3722 582 3776 A
667 3726 701 3775 23
719 3718 858 3784 Λατίνους
879 3722 944 3785 τοὺς
965 3720 1236 3793 ἐπιχωριάζοντας-

229 3798 263 3846 24
286 3789 477 3861 ἑλληνίζοντας
503 3797 635 3849 καλοῦσιν
662 3791 761 3864 Georg.
786 3792 901 3849 Gedren.
923 3791 987 3847 hist.
1011 3810 1098 3865 comp.
1117 3812 1145 3866 p.
1160 3801 1237 3866 2924

227 3863 308 3917 Bonn
337 3867 342 3934 Ι
363 3862 479 3936 ἐδείχθη
498 3867 594 3927 αὐτοῖς
611 3860 741 3927 λατίνονς
758 3865 790 3919 Χ
860 3869 894 3918 24
913 3863 1025 3935 ηραικδς
1041 3866 1069 3919 A

912 3647 1027 3716 πικίζειν
1044 3651 1073 3706 A
1157 3659 1192 3708 20
1210 3653 1237 3709 οἱ
