3074 4598
265 483 287 547 2
641 484 751 541 LIBER
766 485 904 542 PRIMUS

224 649 346 714 Χκατδι
376 647 530 737 στέρησιν
558 652 683 714 λοῦκον
713 651 745 716 ολ
769 649 922 736 Ῥωμαῖοι
951 654 1089 716 καλοῦσι
1118 654 1206 737 παρά
1235 655 1281 719 τὸ·

265 754 416 842 άφεγχές,
439 757 484 832 ὡς
507 753 630 832 άξυλον
653 756 715 840 τήν
736 757 830 842 ὕλην.

330 863 359 928 8.
378 861 413 928 Ὁ
426 861 601 947 Εὔανδρος
614 873 744 947 πρῶτος
762 865 937 949 γράμματα
954 860 1017 926 άπὸ
1032 871 1090 946 τῆς
1103 862 1215 931 Ἐλλά-
1228 876 1328 948 RrL9

264 970 336 1054 δος,
363 971 404 1034 τά
426 969 588 1053 λεγόμενα
610 969 762 1056 Κάδμου,
791 971 839 1047 είς
861 970 923 1053 τήν
941 967 1083 1035 Ἰταλίαν
1111 969 1272 1059 ἐκόμισεν,

235 1076 304 1142 ιοά
326 1073 563 1161 τοσαῦταμὲν,
586 1074 647 1141 ὅσα
670 1086 735 1143 νῦν
758 1076 848 1142 ἐστιν
871 1113 914 1122 -
937 1071 1017 1141 οὐδὲ
1038 1078 1101 1163 γάρ
1125 1077 1272 1163 οὕτωςή

261 1182 440 1266 παλαιότης
462 1181 737 1270 παραδέδωκε-
760 1184 847 1271 μόνα
869 1178 907 1248 δὲ
930 1181 963 1261 ἓξ
985 1185 1067 1269 πρὸς
1089 1195 1160 1261 τοῖς
1181 1182 1271 1272 δέκα,

261 1298 321 1356 τοῦ
345 1288 360 1369 ξ
383 1287 438 1356 καὶ
466 1300 526 1358 τοῦ
549 1295 565 1371 ζ
586 1287 642 1355 καὶ
669 1301 729 1357 τοῦ
747 1276 777 1370 ’δι
805 1286 880 1355 ἀντὶ
907 1290 1048 1375 διπλῶν,
1075 1300 1136 1357 τοῦ
1162 1275 1190 1358 δ
1214 1292 1271 1359 καὶ

260 1407 320 1464 τοῦ
343 1401 371 1485 ᾧ
392 1398 526 1466 καὶτοῦ
549 1425 568 1486 χ
591 1395 666 1463 ἀντὶ
690 1396 834 1482 δασέων,
859 1406 920 1463 τοῦ
941 1405 963 1480 η
985 1395 1040 1462 καί
1062 1409 1122 1465 τοῦ
1145 1401 1172 1466 ὦ
1194 1400 1270 1467 ἀντὶ

260 1518 395 1592 μακρῶν
421 1507 562 1594 ὕστερον
588 1503 912 1591 προσεξευρημένοιν.
956 1501 1053 1570 πέντε
1079 1507 1142 1592 γάρ
1164 1501 1207 1590 ήν
1229 1511 1270 1576 τά

220 1632 247 1672 1⁰
259 1614 362 1680 πάλαι
385 1616 569 1700 φωνήεντα,
591 1619 653 1676 τοῦ
676 1606 737 1695 μὲν
754 1619 772 1674 ἓ
791 1614 957 1696 στοιχείου
974 1611 1035 1695 τήν
1054 1621 1115 1677 τοῦ
1133 1619 1153 1696 η
1169 1634 1269 1699 παρε-

259 1719 402 1806 χομένου
424 1721 549 1805 χρείαν,
571 1724 633 1781 τοῦ
652 1712 689 1781 δέ
706 1725 728 1782 ὄ
747 1717 808 1799 τήν
826 1725 886 1783 τοῦ
907 1725 944 1802 οῖ,
966 1716 1046 1803 ὅπερ
1065 1720 1113 1783 ἔτι
1130 1715 1186 1784 καὶ
1203 1728 1269 1786 νῦν

258 1828 347 1912 παρά
364 1824 535 1911 Ῥωμαίοις
558 1819 627 1888 ἐστὶ
649 1819 705 1887 καί
727 1825 818 1911 μόνῳ
841 1831 887 1911 τη·
910 1826 1019 1914 χρόνῳ
1042 1825 1102 1909 τήν
1123 1824 1267 1912 δύναμιν

197 2005 199 2009 y
258 1930 393 2017 ἀμείβει.
433 1930 575 2014 ὕστερον
603 1924 640 1993 δέ
665 1929 805 2016 Μάρκος
833 1931 994 2016 Φλάβιος,
1023 1934 1267 2019 γραμματιστής

252 2036 387 2122 Ἰταλός,
409 2048 479 2115 τοῖς
493 2035 652 2121 Ἕλλησιν
674 2035 917 2123 ἀκολουθήσας,
940 2040 980 2104 τά
1003 2040 1101 2106 λοιπὰ
1121 2051 1266 2124 στοιχεῖα

217 2163 243 2206 ιε
256 2154 327 2224 τοίς
340 2144 509 2231 Ῥωμαίοις
532 2142 725 2230 ἐπέγραψεν.
762 2150 855 2230 φιλεῖ
876 2148 940 2231 γάρ
964 2145 982 2212 δ
999 2148 1119 2233 χρόνος
1138 2147 1265 2233 ἐναμεί-

255 2256 330 2337 βειν
352 2253 392 2317 τὰ
414 2252 598 2337 πράγματα.

322 2360 351 2424 9.
386 2362 541 2437 Φοίνικες
569 2368 696 2444 πρῶτοι
727 2358 931 2443 τοκογλύφοι
962 2357 1016 2424 καὶ
1049 2361 1263 2445 ὀβολοστάται
1274 2379 1309 2428 10

254 2465 488 2550 τυγχάνοντες,
520 2465 694 2551 γράμματα
721 2462 776 2529 καὶ
807 2466 977 2550 σταθμοὺς
1005 2463 1061 2531 καὶ
1088 2466 1198 2545 ἁπλῶς
1224 2471 1262 2535 τὸ

253 2573 442 2657 κερδαίνειν
469 2570 666 2654 ἐπενόησαν,
696 2571 780 2637 ὅθεν
806 2569 861 2637 καὶ
888 2573 1055 2655 καπήλους
1081 2573 1202 2651 αὐτοὺς
1229 2578 1262 2641 ολ

214 2695 240 2736 κο
253 2675 387 2762 ποιηταὶ
413 2683 582 2744 καλοῦσιν.
629 2671 703 2743 ’ἀλλ’
726 2677 914 2763 έπανίωμεν
940 2679 1023 2745 ὅθεν
1048 2678 1261 2765 έξεκλίνομεν.

145 2789 170 2844 X
186 2787 301 2848 Cedren.
327 2783 376 2847 10.
395 2784 609 2869 Τρισάματον
621 2784 682 2848 τὸν
692 2785 870 2868 Γηρυόνην
883 2787 996 2869 φασίν,
1010 2785 1072 2870 οὐχ
1081 2786 1132 2851 ὅτι
1145 2787 1261 2852 τοσού-
1272 2804 1303 2853 11

252 2911 322 2965 τοις
352 2887 510 2975 ἐχρήσατο
540 2889 702 2972 σώμασιν,
735 2887 805 2954 ἀλλ’
834 2889 886 2954 ότι
912 2899 1000 2974 τρείς
1027 2899 1122 2974 νήσοι
1150 2890 1187 2956 έν
1214 2901 1260 2979 τῷ

252 2993 385 3082 ὠκεανῷ
407 2998 554 3079 κείμεναι
577 2994 788 3078 συνεμάχουν
810 2993 908 3082 αὐτῷ.

210 3122 238 3177 Y
320 3103 369 3165 11.
391 3099 462 3167 Ὅτι
479 3099 627 3188 Ἐρυλον
653 3101 712 3166 τὸν
738 3096 815 3185 περὶ
839 3097 995 3185 Ἰταλίαν,
1023 3099 1064 3166 ὃν
1088 3103 1260 3187 κατασχὼν
1286 3122 1303 3172 8

210 3240 236 3281 25
250 3208 435 3293 Εὔανδρος,
458 3207 477 3274 δ
500 3217 557 3292 τής
579 3216 737 3291 μαντικῆς
758 3205 955 3292 Καρμέντης
982 3209 1064 3292 υλός,
1094 3210 1167 3294 ἔσχε
1196 3211 1258 3294 τήν

250 3314 371 3399 χώραν,
398 3318 561 3400 τρίήυχον
586 3311 745 3395 γενέσθαι
772 3312 791 3379 δ
819 3319 930 3400 μῦθος
956 3315 1134 3380 αἰνίττεται
1161 3321 1258 3399 φιλο-

320 3506 344 3543 v.
364 3492 380 3540 2
398 3487 430 3544 11.
445 3493 469 3544 Α
489 3493 540 3543 156
558 3485 589 3543 έν
607 3486 697 3560 άξόλφ
716 3485 818 3561 ἐμπέσῃ
837 3486 897 3560 δλη.

318 3653 375 3701 τί
397 3647 449 3717 τὴν
472 3646 549 3702 omis.
568 3647 597 3701 Β
675 3653 691 3702 6
715 3648 748 3702 οδ
767 3655 888 3702 τοσαῦτα
910 3647 1013 3703 Ηοείαε
1032 3645 1112 3712 οὗτος
1130 3647 1201 3703 αὐτὰ
1225 3650 1258 3706 Χ

248 3724 264 3773 δ
287 3716 483 3844 παραδέδωκηη
506 3719 596 3787 παροδ
614 3718 643 3772 Β
732 3725 747 3774 7
770 3719 819 3772 καί
844 3727 893 3773 τοῦ
919 3720 953 3792 ᾧ]
978 3721 1026 3774 καλ
1053 3728 1102 3775 τοῦ
1129 3718 1206 3775 omis,
1226 3721 1255 3775 B

248 3795 281 3845 1⁶
307 3788 432 3861 ἀμείβειν
585 3793 618 3843 18
646 3787 814 3860 τυχάνοντες
839 3791 867 3844 Α
969 3797 1003 3846 20
1031 3788 1204 3860 ἐξεκλίναμεν
1226 3793 1254 3847 Α

247 3866 262 3928 3
282 3867 316 3916 10
334 3859 433 3932 (λοοκς.
453 3860 566 3917 cedron.
584 3859 650 3915 hist.
670 3877 758 3932 comp.
776 3879 804 3931 p.
824 3866 912 3930 298,24
929 3862 1015 3919 Bona
