3074 4598
306 471 349 536 70
546 470 657 528 LIBER
674 471 850 538 QUARTUS.
876 472 1076 530 IANUARIUS

239 643 289 699 YS
304 635 394 721 λέχει
420 639 483 724 γὰρ
512 629 591 702 ὧθε·
618 634 728 701 ’θεῖον
750 636 787 702 τὸ
810 646 870 704 τοῦ
892 639 1073 725 θράιωντος
1094 641 1187 724 ζῶον,
1213 660 1321 704 πνευ·

303 745 531 830 μανικώτατον
560 741 697 808 πάντων
729 739 875 828 ἑρπετῶν
905 744 961 812 καλ
991 746 1154 829 πυρῶδες·
1187 743 1266 834 παρ’
1294 743 1315 811 δ

301 849 358 916 καὶ
393 852 492 936 τάχος
528 847 619 935 αὐτῷ
655 845 906 937 ἀνυπέρβλητον
940 855 998 920 διὰ
1026 862 1088 920 τοῦ
1117 854 1316 940 πνεύματος,

302 955 403 1043 χωρὶς
428 955 545 1020 ποθῶν
570 951 627 1018 καὶ
648 967 770 1043 χειρῶν
787 955 807 1041 ἢ
827 959 931 1024 άλλου
947 960 1039 1038 τινὸς
1055 971 1123 1027 τῶν
1140 958 1241 1043 ἐκτός,
1265 957 1309 1026 δι’

275 1057 352 1130 οῶν
373 1063 414 1127 τὰ
440 1059 542 1126 λοιπά
566 1063 631 1139 ζῶα
651 1064 710 1140 τὰς
731 1068 878 1149 κινήσεις
900 1077 1054 1133 ποιεῖται·
1075 1066 1131 1134 καὶ
1151 1069 1315 1134 ποικίλων
1371 1079 1375 1087 “

302 1169 477 1254 σχημάτων
516 1167 644 1246 τύπους
684 1168 837 1238 ἀποτελεῖ
871 1169 927 1237 καὶ
962 1175 1044 1238 κατὰ
1078 1176 1140 1259 τὴν
1172 1177 1313 1262 πορείαν

302 1273 494 1353 ἑλικοειθεῖς
511 1276 579 1360 ἔχει
597 1275 655 1351 τάς
673 1275 777 1363 ὁρμάς
795 1276 846 1365 ἐφ’
864 1276 883 1342 ὃ
902 1279 1055 1362 βούλεται
1073 1281 1178 1367 τάχος.
1209 1287 1314 1348 πολυ-

300 1383 522 1469 χρονιώτατος
554 1380 596 1448 δέ
624 1380 709 1468 ἐστι,
745 1381 800 1448 κοιλ
837 1384 877 1451 οὐ
908 1386 1015 1469 μόνον
1045 1384 1242 1469 έκθυόμενος
1272 1389 1311 1454 τὸ

300 1499 405 1577 γῆρας
433 1491 554 1574 νεάζει,
587 1487 670 1554 ἀλλά
693 1488 748 1555 καὶ
780 1489 919 1576 αὔξησιν
945 1489 1152 1576 ἐπιδέχεσθαι
1178 1497 1311 1576 μειῖονοι

258 1621 286 1662 ιο
298 1596 440 1684 πέφυκε,
468 1593 526 1662 καὶ
555 1593 691 1661 ἐπειδάν
720 1596 758 1662 τὸ
784 1595 970 1683 ὡρισμένον
995 1595 1117 1684 μέτρον
1141 1599 1311 1685 πληρώση,

299 1705 348 1782 είς
370 1702 490 1769 ἑαυτὸν
512 1701 732 1768 ἀναλίσκεται.
773 1702 827 1769 διὸ
847 1701 903 1768 καλ
927 1705 1028 1790 ἱεροῖς
1048 1713 1147 1771 τοῦτο
1169 1706 1207 1772 τὸ
1225 1708 1311 1784 ζῶον

258 1808 354 1875 Ῡκαὶ
376 1813 573 1896 μυστηρίοις
598 1809 902 1896 σνμπαρείληπται.’
947 1809 1085 1891 ὀξύτατα
1111 1807 1149 1878 δέ
1174 1811 1311 1878 πάντων

297 1913 422 2001 βλέπει,
445 1917 529 1983 ὅθεν
551 1913 606 1983 καὶ
630 1916 763 2003 δράκων
785 1915 981 2002 ὠνόμασται.

255 2033 282 2090 X
365 2023 393 2090 7.
412 2023 471 2090 Ἐν
492 2025 595 2111 ταύτῃ
619 2032 658 2111 τῇ
680 2022 787 2111 ἡμέρᾳ
813 2025 974 2111 Τραιανὸς
995 2035 1034 2112 τῇ
1055 2028 1190 2094 πάντων
1204 2036 1340 2107 11118,IV
1345 2044 1363 2095 7

255 2156 282 2198 ιι
301 2133 390 2220 Ίύχη
408 2128 595 2217 καθιέρωσε
612 2133 705 2216 ναόν,
728 2136 891 2209 θεσπίσας
907 2135 990 2199 κατὰ
1005 2134 1066 2199 τὸν
1084 2134 1174 2220 ἱερὸν
1191 2136 1307 2220 νόμον,

255 2247 283 2302 Y
296 2238 424 2325 μηθένα
448 2240 540 2325 παρὰ
562 2239 623 2304 τὸν
644 2238 799 2305 θύσαντα
820 2238 980 2323 γεύεσθαι
1002 2247 1059 2324 τῆς
1080 2240 1210 2318 θυσίας.
1255 2241 1308 2307 ὅτι

296 2347 446 2431 οὐδαμοῦ
474 2354 535 2412 τοῦ
562 2355 621 2430 τῆς
653 2345 761 2431 Τύχης
787 2344 949 2430 ὀνόματος
967 2343 1110 2432 Ὅμηρος
1136 2343 1307 2430 μέμνηται,

254 2452 453 2530 ΧἨσίοθος
480 2451 605 2538 μέντοι.
650 2450 843 2537 Εἱμαρμένη
871 2450 975 2518 οἱονεὶ
1006 2451 1156 2539 εἰρομένη
1184 2453 1241 2518 διὰ
1267 2452 1305 2519 τὸ

294 2562 420 2645 χρόνου
451 2561 587 2625 δεῖσθαι
617 2556 673 2623 κοιὶ
706 2559 922 2642 διαστάσεως,
959 2559 1015 2624 ἵνα
1045 2558 1063 2625 ὁ
1096 2559 1207 2644 εἱρμὸς
1238 2570 1306 2625 τῶν

259 2663 521 2750 δὺποκειμένων
549 2665 697 2748 σώζηται.
743 2665 794 2730 ὅτι
821 2665 858 2729 τὸ
886 2673 943 2748 τῆς
970 2665 1077 2749 Ίύχης
1102 2664 1157 2731 καὶ
1179 2668 1305 2753 Εἱμαρ·

253 2797 278 2836 21
294 2769 395 2855 μένης
413 2769 466 2837 ἐπὶ
485 2779 543 2854 τῆς
560 2770 719 2854 γενέσεως
736 2769 958 2855 προβέβληται
976 2773 1093 2855 ὄνομα·
1111 2768 1164 2837 καὶ
1179 2773 1304 2859 μάρτυς

289 2877 410 2962 Ἑρμῆς
442 2875 479 2941 έν
508 2885 555 2963 τῷ
582 2873 775 2963 καλουμένῳ
801 2879 914 2963 τελείῳ
942 2879 1028 2964 λόγῳ
1056 2877 1160 2953 οὕτως
1187 2881 1304 2945 εἰπών·

293 2983 340 3049 *αἱ
358 2983 561 3066 καλούμεναι
580 2979 661 3046 ἑπτά
675 2990 814 3066 σφαῖραι
832 2983 967 3065 ἔχουσιν
985 2980 1090 3067 ἀρχὴν
1107 2985 1167 3068 τὴν
1184 2991 1304 3051 καλου-

291 3088 396 3174 μένην
425 3090 531 3173 τύχην
559 3088 580 3171 ἣ
611 3084 825 3173 εἱμαρμένην,
856 3087 928 3170 ἥτις
956 3089 1062 3155 πάντα
1092 3089 1222 3158 άλλοιοῖ
1247 3089 1302 3158 καὶ

363 3246 387 3282 v.
403 3233 437 3283 18
455 3228 521 3283 Hes.
540 3226 645 3297 Theog.
664 3231 717 3281 860
787 3232 822 3279 ‘22
839 3226 955 3281 Hermes
978 3225 1012 3281 cf.
1033 3226 1077 3282 Ps.
1097 3226 1198 3299 Apulei
1221 3231 1301 3285 Αοεο.

292 3318 312 3356 s.
332 3299 406 3354 Dial.
424 3299 518 3354 Herm.
534 3296 634 3352 Trium.
653 3313 676 3353 ο.
691 3296 762 3353 XIX
780 3296 896 3351 XXXIX
947 3332 950 3338 -

362 3442 387 3479 v.
406 3430 423 3478 3
441 3425 517 3478 αύτῶ
540 3426 625 3493 supra
642 3419 691 3476 lin.
712 3420 750 3490 G,
771 3420 849 3494 omis.
869 3420 899 3475 Υ
964 3428 982 3476 4
999 3424 1083 3492 χωρίς
1096 3428 1160 3477 -θ
1178 3433 1300 3479 ποιεῖται

291 3494 407 3552 onias
486 3501 501 3549 6
521 3495 570 3549 καλ
585 3524 620 3533 -
634 3497 648 3546 7
663 3491 747 3563 τάχος
760 3491 837 3546 omis.
857 3492 886 3546 Y
962 3499 977 3547 7
997 3495 1252 3565 πολυχρονιώτατον
1274 3495 1305 3550 Υ

290 3568 374 3621 8καὶ
393 3565 472 3620 omis.
492 3565 537 3634 ΥΙ
553 3561 642 3634 μόνον
663 3573 701 3619 τῶ
719 3560 887 3633 ἐνδυόμενος
908 3563 1086 3633 (ἐκδυόμενον
1106 3565 1142 3637 G)
1162 3566 1194 3621 τὸ
1213 3575 1301 3636 γῆρας

291 3637 399 3704 νεάζειν
418 3638 447 3692 Υ
495 3690 498 3695 ,
521 3642 555 3689 10
573 3634 618 3689 διὸ
633 3666 667 3675 -
682 3640 713 3689 11
733 3633 970 3704 ουμπαρείληπται
989 3635 1068 3691 omis.
1086 3636 1116 3690 Υ
1183 3643 1216 3691 12
1236 3637 1299 3704 ὀξύ·

290 3728 361 3763 τατα
375 3740 409 3749 -
425 3712 459 3763 13
473 3703 632 3775 ὠνόμασται
650 3705 728 3760 omis.
743 3705 766 3761 S
849 3712 883 3761 14
900 3705 931 3762 έν
949 3707 1033 3776 ταύτη
1048 3739 1082 3748 -
1097 3713 1130 3762 16
1147 3707 1251 3771 θυσίας
1268 3708 1301 3762 X

292 3786 326 3834 16
347 3778 388 3834 ὅτι
407 3779 533 3847 οὐθαμοῦ
547 3809 581 3819 -
597 3782 629 3831 18
648 3774 742 3845 μέντοι
760 3776 790 3830 Υ
858 3781 891 3831 18
911 3776 1070 3848 Εἱμάρμένη
1084 3810 1119 3820 -
1133 3782 1167 3832 20
1181 3782 1298 3850 σώζηται

292 3851 324 3905 Χ
338 3854 342 3922 Ι
358 3851 389 3906 τὸ
408 3847 511 3922 χρόνον
530 3850 566 3919 Β,
589 3857 638 3903 τοῦ
656 3846 759 3918 χρόνον
775 3849 804 3903 Α
875 3855 910 3903 20
928 3846 969 3904 ὅτι
987 3849 1018 3905 τὸ
1036 3858 1085 3922 τῆς
1101 3850 1185 3922 τύχης
1202 3867 1259 3920 equ.
1279 3849 1302 3906 S
