3074 4598
312 454 357 520 40
677 455 786 513 LIBER
803 457 959 516 TERTIUS

275 627 294 684 S
308 616 364 685 καὶ
378 620 581 709 ἀνθρώπους
594 622 700 706 τινάς,
714 621 759 700 ώς
770 623 936 709 Διογένης
950 623 987 690 έν
999 634 1069 702 τοῖς
1086 619 1169 711 ὑπὲρ
1190 623 1329 707 Θούλην

243 724 407 808 Ηὸάξιοί.
447 730 479 796 06
502 724 539 794 δέ
557 725 715 814 Ἀρκάδες
736 741 838 818 τριών
860 744 990 818 μηνῶν,
1012 731 1195 798 Σικυώνιοι
1217 728 1256 798 δὲ
1278 727 1326 814 ἒξ,

312 838 453 901 Λατῖνοι
471 845 574 920 τριῶν
595 831 652 899 καὶ
675 834 756 901 δέκα
772 839 831 904 τὸν
854 836 1010 905 ένιαυτὸν
1030 838 1212 924 ἡρίθμουν,
1232 837 1326 925 παρὰ

310 937 350 1007 δὲ
374 940 544 1026 Ῥωμαίοις
569 941 607 1006 τὸ
638 944 783 1009 παλαιὸν
809 944 890 1009 δέκα
910 954 1017 1030 μῆνας
1047 944 1227 1012 ε’τετύπώτο
1263 945 1326 1011 τὸν

268 1059 296 1114 H
310 1044 467 1113 ἐνιαυτὸν
489 1049 592 1135 ἔχειν,
614 1048 758 1136 ὕστερον
779 1046 817 1115 δέ
835 1051 920 1136 πρὸς
936 1060 997 1116 τοῦ
1019 1049 1178 1137 βασιλέως
1199 1055 1324 1137 Νουμᾶ

281 1151 364 1220 ικαὶ
392 1151 501 1239 ἕτεροι
528 1156 590 1223 δύο
617 1156 883 1244 προσετέθησαν,
914 1166 1009 1242 τιμῆς
1040 1154 1103 1244 μὲν
1132 1157 1228 1225 ἕνεκα
1253 1169 1324 1224 τῶν

307 1272 439 1343 νοητῶν
458 1263 476 1328 6
495 1261 716 1351 Ἰανουάριος,
743 1274 809 1330 τῶν
835 1263 962 1329 ὑλικῶν
983 1258 1021 1327 δὲ
1043 1263 1061 1328 6
1087 1266 1323 1355 fflesspovdptog3

307 1371 439 1456 Καίσαρ
472 1367 511 1437 δὲ
538 1371 682 1458 ὕστερον
709 1370 727 1437 6
751 1371 852 1447 Γάϊος
881 1367 918 1435 έκ
947 1377 1004 1452 τῆς
1032 1379 1100 1434 τών
1125 1372 1324 1453 Αἰγυπτίων

307 1475 446 1562 διδαχῆς
477 1477 647 1557 διετάξατο
686 1479 747 1543 τόν
780 1499 816 1542 τε
851 1477 976 1561 χρόνον
1010 1468 1098 1540 εἶναι
1122 1481 1323 1559 τριακοσίων

218 1651 220 1655 ,
266 1608 293 1649 ιο
307 1579 465 1668 ἑξήκοντα
482 1581 580 1648 πέντε
597 1582 757 1666 τετάρτου
774 1580 916 1667 ἡμερῶν,
938 1577 993 1645 καί
1015 1580 1094 1657 τοὺς
1114 1587 1220 1664 μῆνας
1241 1584 1321 1659 τοὺς

306 1684 369 1773 μέν
381 1687 447 1754 άπὸ
466 1688 645 1774 τριάκοντα
659 1689 749 1770 ἔχειν
766 1684 907 1770 ἡμερῶν,
921 1687 1000 1763 τοὺς
1014 1682 1051 1751 δὲ
1066 1684 1129 1751 ἀπὸ
1143 1687 1321 1773 τριάκοντα

307 1793 393 1879 ἑνός,
410 1795 472 1859 τὸν
485 1789 523 1858 δὲ
543 1792 776 1878 Φεβρουάριον
794 1792 998 1857 εἰκοσιοκτώ
1020 1789 1040 1876 ἡ
1059 1793 1123 1879 γὰρ
1139 1796 1321 1880 παλαιότης

305 1903 384 1977 τοὺς
404 1899 603 1965 δυοκαίδεκα
621 1908 728 1984 μὴνας
745 1907 805 1965 τοῦ
822 1897 962 1984 ἡλιακοῦ
980 1897 1135 1967 ἐνιαυτοῦ
1150 1899 1215 1967 ἀπὸ
1228 1903 1320 1990 τριά·

304 2031 408 2073 κοντα
421 2006 554 2092 ἡμερῶν
571 2005 699 2082 πάντας
716 2005 913 2091 ἡρίθμησεν,
931 2008 989 2083 τάς
1003 2003 1041 2072 δὲ
1052 2005 1149 2074 πέντε
1162 2006 1321 2096 τέταρτον

264 2138 290 2181 1⁶
305 2112 429 2202 ἡμέρας
453 2112 489 2178 έν
511 2111 768 2200 τρισκαιδεκάτῳ
790 2111 871 2197 μηνὶ
892 2111 1078 2198 ἐπέβαλλεν.
1114 2111 1264 2194 ἐνιαυτὸς
1280 2114 1324 2181 δέ

306 2219 376 2286 ἐστι
399 2221 520 2306 χρόνος
541 2216 577 2283 έν
595 2207 624 2304 ᾧ
642 2215 686 2282 διν
707 2216 726 2284 6
744 2217 837 2301 ἡλιος
855 2217 919 2284 άπὸ
938 2227 1061 2305 τροπὴς
1080 2222 1248 2305 ἰσημερίας
1264 2220 1319 2304 ἡς-
1363 2269 1366 2273 ψ

304 2335 461 2404 τινοςοῦν
484 2322 666 2411 ἀρξάμενος
690 2321 746 2409 ἀφ’
769 2324 842 2390 οἵου
865 2327 986 2408 δήποτε
1009 2329 1146 2411 σημείου
1166 2337 1234 2392 τῶν
1251 2326 1317 2393 άπὸ

284 2415 365 2500 ’τοῦ
389 2432 568 2518 διαμέτρου
590 2430 717 2497 κύκλου
744 2429 797 2497 ἐπὶ
823 2432 861 2498 τὸ
885 2417 966 2498 αὐτὸ
994 2444 1130 2518 σημεῖον
1151 2432 1318 2519 ἀφίκηται.

371 2542 401 2608 6.
419 2538 653 2624 Ἐτηρὴθησαν
667 2538 700 2603 οἱ
714 2536 902 2621 σεληνιακοὶ
915 2548 1026 2624 μῆνες,
1043 2540 1242 2626 προστεθέν·
1255 2551 1369 2621 RrIIL4

261 2661 288 2717 X
303 2671 372 2713 των
394 2646 508 2722 αὐτοῖς
531 2655 599 2711 τῶν
622 2642 745 2730 ἑτέρων
767 2645 828 2711 δύο
850 2645 917 2712 ὑπὸ
939 2655 1000 2712 τοῦ
1022 2650 1158 2732 Νουμᾶ,
1182 2648 1226 2726 ὡς
1248 2647 1317 2715 έλέ-

261 2780 287 2820 ιι
301 2777 420 2839 γομεν,
448 2751 510 2830 ἕως
536 2760 594 2836 τὴς
617 2753 725 2817 Γαΐου
745 2753 915 2838 Καίσαρος
936 2752 1127 2837 ἡγεμονίας·
1153 2753 1256 2819 αὐτὸν
1279 2754 1321 2820 δέ

301 2878 386 2945 φασι
408 2860 491 2946 τύχη
513 2856 569 2924 καὶ
588 2860 693 2945 σοφίᾳ
710 2854 765 2922 καὶ
783 2859 1009 2944 διαφερόντως
1022 2858 1220 2947 ἀστρολογίᾳ
1237 2862 1317 2938 τοὺς

302 2968 426 3044 άλλους
455 2964 709 3051 ἀποκρύψαντα,
739 2963 908 3049 ἀναβάντα
932 2967 980 3042 είς
1005 2967 1066 3050 τὴν
1085 2959 1209 3050 Ῥώμην
1235 2966 1316 3033 δέκα

301 3072 358 3139 καὶ
405 3077 487 3157 μιάν
527 3069 797 3157 έπεμβαλομένην
835 3068 963 3157 ἡμέραν
999 3083 1070 3150 τοῖς
1110 3079 1317 3158 σεληνιακοῖς

372 3230 397 3268 v.
414 3210 588 3266 lAntonius
604 3208 752 3299 Diogenes
773 3208 913 3279 innuitur,
937 3210 1015 3265 onius
1037 3220 1093 3267 τῶν
1115 3210 1183 3280 ὑπὲρ
1204 3214 1316 3284 Θούλην

301 3281 427 3339 ἀπίστων
446 3281 545 3354 λόγους
562 3279 611 3336 κδ
632 3284 831 3336 commemorat
847 3253 966 3336 Pho'tius
983 3281 1057 3338 Bibl
1078 3283 1137 3339 οοά
1157 3289 1208 3338 166

241 3461 245 3468 ,
372 3426 397 3461 v.
413 3405 582 3475 2άρκάδιοι
582 3406 648 3530 ΗΙ
665 3406 715 3460 καὶ
728 3406 869 3461 σικυώνιοι
883 3403 950 3471 ἕξις
1017 3406 1314 3479 Mamm-6106&-

299 3498 381 3617 ίῖἴῖ
382 3475 702 3605 ιοιωοιῖάάῖιῗίέῗὲ
724 3475 751 3531 ⁰²
768 3474 1314 3640 ῗάῖιοδῖἔῗὴἓίάίίιῖξέἡίέλῗλ

299 3623 430 3675 πώσαντυ
444 3619 494 3675 τὸν
508 3618 676 3675 ἐνιαυτδνις
746 3624 778 3671 17
796 3622 851 3675 τῶν
869 3619 916 3673 ἐπὶ
933 3627 983 3673 τοῦ
997 3618 1046 3674 διὰ
1060 3618 1148 3689 μέσον
1162 3621 1264 3677 κύκλου
1278 3621 1312 3676 ci

299 3691 353 3747 Gu.
368 3691 447 3745 K1011
515 3696 548 3744 21
563 3691 657 3746 αύτών
670 3692 699 3744 Α
767 3694 800 3743 23
814 3689 1021 3760 ἀποκρύψαντα
1035 3640 1079 3760 Βμ
1091 3691 1154 3746 αδδ.

299 3758 634 3889 ἓῗεμβμμομῶρρξξ
650 3759 926 3833 έπεμβαλόμενονΙδτ
927 3735 1171 3834 ,έπεμβαλομένην
1207 3709 1314 3819 usehkge
