3074 4598
603 466 714 523 τῑεεε
730 464 882 523 'manus
1198 471 1244 538 55

232 640 407 723 διχότομος
438 628 539 708 αὖθις
568 629 775 714 ἀμφίκυρτος
806 625 906 708 αὖθις
936 632 1111 716 μηνοειδὴς
1142 628 1283 714 αὖθιςΧ

230 741 423 828 <σύνοδος>.
465 736 572 820 ἕτεροι
591 730 630 799 δὲ
647 731 764 799 ἕνδεκα
782 738 928 823 σχήματα
946 732 1031 804 εἶναι
1049 737 1242 823 βούλονται·

229 849 310 936 μετδι
341 847 406 932 γὰρ
438 845 499 928 τήν
535 840 684 906 σύνοδον
716 837 899 927 ἀριθμοῦσι
928 842 983 910 καὶ
1015 845 1076 929 τήν
1106 841 1239 932 γένναν,

230 956 310 1020 ὅταν
332 955 414 1036 μίαν
436 957 559 1033 μοῖραν
582 946 710 1032 ἀποστῆ
731 945 752 1030 ή
775 949 895 1033 σελήνη
917 958 978 1017 τοῦ
999 951 1105 1036 ῆλίου.

173 1069 289 1138 ΒιΙΠμ
337 1056 388 1122 13.
406 1055 472 1131 Τάς
490 1056 608 1120 τοίνυν
625 1050 796 1129 Καλίνδας
814 1053 859 1131 ὡς
876 1053 1031 1141 ἐλέγομεν
1050 1049 1104 1124 οἷοι
1121 1081 1238 1143 νεομη·
1264 1081 1278 1124 ε

226 1168 305 1231 νίαν
328 1161 487 1248 ἐτίμησαν
505 1159 673 1246 Ῥωμαῖοι,
701 1159 780 1244 μετδ
802 1155 841 1225 δὲ
867 1161 986 1238 ταύτας
1016 1163 1157 1250 καθεξῆς
1178 1167 1238 1245 τὰς

226 1271 359 1352 Νάνας,
382 1266 538 1334 καὶκατὰ
560 1271 679 1354 τρίτην
698 1263 869 1343 τάξιντδς
886 1266 1018 1344 Εἰδούς.
1053 1273 1236 1357 τρίμορφος

225 1373 287 1462 μὲν
310 1378 373 1463 γάρ
396 1374 417 1459 ή
441 1385 498 1460 τῆς
516 1373 664 1457 Ἑκάτης,
686 1373 759 1455 ἤτοι
780 1380 838 1456 τῆς
856 1373 1015 1458 Σελήνης,
1038 1375 1190 1462 δύναμις·
1216 1379 1234 1445 ὃ

224 1485 289 1568 γάρ
307 1480 480 1549 Ἀπόλλων
501 1480 539 1546 ἐν
560 1480 655 1566 ἡλίῳ,
679 1486 775 1543 τοῦτο
794 1477 910 1562 Ἑκάτη
934 1477 981 1544 ἐν’
994 1483 1122 1567 σελήνη.

172 1609 206 1659 1ο
294 1589 344 1656 14.
362 1587 434 1656 Ὅτι
462 1589 480 1656 ὁ
507 1587 687 1673 τριάκοντα
713 1584 856 1671 ἀριθμὸς
882 1586 1107 1670 φνσικώτατός
1133 1587 1232 1676 ἐστιν,
1246 1607 1330 1666 XYs

223 1697 328 1783 δγάρ
352 1695 390 1763 ἐν
417 1695 538 1782 μονάσι
565 1694 677 1781 τριάς,
704 1701 801 1761 τοῦτο
824 1691 861 1760 ἐν
888 1694 1001 1760 δεκάσι
1027 1698 1233 1781 τριακοντάς·
1246 1727 1276 1768 11

222 1802 292 1870 ἐπεὶ
314 1802 370 1868 καὶ
393 1803 492 1870 ὁτοῦ
513 1802 618 1886 μηνὸς
641 1801 761 1878 κύκλος
787 1799 985 1893 συνέστηκεν
1007 1799 1043 1868 ἐκ
1065 1803 1233 1890 τεσσάρων
1246 1821 1276 1877 Y

221 1921 289 1975 τῶν
311 1907 375 1974 ἀπὸ
399 1908 546 1994 μονάδος
569 1905 643 1992 ἑξῆς
666 1908 889 1992 τετραγώνων,
912 1905 941 1973 οί
964 1906 994 1974 δ’
1015 1906 1051 1975 θ’
1074 1907 1124 1995 ις’,
1148 1910 1232 1978 ὅθεν

221 2015 283 2082 οὐκ
305 2013 369 2080 ἀπὸ
399 2023 525 2079 σκοποῦ
548 2012 762 2099 Ἡράκλειτος
788 2015 906 2097 γενεὰν
932 2016 991 2080 τὸν
1017 2025 1105 2100 μῆνα
1129 2023 1231 2085 καλεῖ.

166 2142 199 2189 11
289 2119 339 2194 15.
367 2120 464 2186 Μετά
490 2114 528 2185 δὲ
555 2121 614 2196 τὰς
641 2116 813 2196 Καλένδας
839 2119 1033 2206 εὑρίσκομεν
1058 2128 1230 2208 πολλαχῶς
1243 2141 1272 2197 Χ

218 2229 280 2295 τὸν
300 2229 426 2313 χρόνον
448 2228 655 2311 διαιρεῖσθαι
678 2227 725 2302 εἰς
751 2226 856 2292 αἰῶνα
878 2227 924 2304 εἰς
945 2230 1068 2312 χρόνον
1090 2231 1271 2306 signat-1⁶

219 2337 281 2422 ρὸν
304 2335 351 2412 εἰς
370 2333 533 2400 ε’νιαυτόν.
575 2332 660 2398 αἰὼν
682 2334 797 2397 τοίνυν
819 2330 909 2399 ἐστὶν
931 2333 1065 2420 ἀπειρός
1088 2359 1139 2412 τις
1161 2348 1229 2403 τῶν
1241 2356 1302 2412 ΧΗ

218 2443 387 2527 οὐρανίων
415 2441 576 2525 σωμάτων
602 2441 816 2525 περιπόλησις
842 2438 863 2523 ῆ
891 2438 993 2506 αὐτοῦ
1019 2450 1080 2507 τοῦ
1107 2444 1230 2523 παντὸς

217 2548 365 2633 ούρανοῦ
387 2547 550 2630 παντελής
568 2544 797 2631 ἀνακύκλησις,
820 2548 938 2632 χρόνος
961 2541 1035 2632 δὲή
1055 2547 1088 2627 ἐξ
1106 2550 1227 2628 αἰῶνος

216 2654 371 2741 ἀόριστος
402 2656 541 2730 ἔκτασις.
584 2652 689 2738 ταύτη
720 2648 774 2716 καὶ
803 2653 936 2738 Κρόνος
965 2664 1042 2732 παῖς
1070 2655 1226 2740 Ούρανοῦ
1239 2676 1267 2731 x

216 2760 358 2844 λέγεται·
386 2760 404 2827 ὁ
428 2761 492 2847 γὰρ
519 2763 641 2845 χρόνος
668 2758 790 2825 ἐκτῶν
816 2768 877 2826 τοῦ
895 2758 1041 2847 ούρανοῦ
1062 2764 1226 2847 κινήσεων
1239 2795 1267 2836 21

214 2869 376 2954 πρόεισιν.
422 2868 505 2933 ὥστε
533 2868 650 2953 καιρός
678 2864 745 2931 ἐστι
770 2868 894 2952 χρόνον
919 2869 1140 2954 παράδειγμα,
1168 2868 1225 2938 καὶ

214 2975 276 3040 οὐκ
298 2973 398 3051 αύτὸς
421 2973 439 3040 δ
460 2975 589 3058 χρόνος.

158 3090 287 3149 deesth
311 3081 362 3144 16.
383 3078 454 3144 Ὅτι
478 3078 631 3165 διαφέρει
657 3081 790 3163 μεγίστη
818 3078 1077 3159 ἀποκατάστασις
1099 3087 1225 3162 τελείας
1237 3103 1256 3158 s

212 3186 373 3269 περιόδου
387 3192 434 3273 τῷ
451 3185 512 3268 τήν
525 3179 587 3268 μὲν
606 3183 870 3250 ἀποκατάστασιν
887 3186 1024 3253 ἀπὸτοῦ
1042 3188 1146 3255 αὐτοῦ
1165 3207 1222 3275 ση·
1234 3221 1263 3262 25

282 3395 306 3430 v.
323 3382 339 3430 2
357 3376 490 3431 lacunam
507 3373 669 3428 litterarum
686 3388 734 3427 sex
751 3372 798 3444 (A)
816 3374 860 3428 vel
880 3375 975 3431 decem
992 3378 1089 3450 (B)X‚
1113 3379 1220 3436 inserta

209 3463 277 3502 νοοο
295 3445 402 3518 πλήρης
420 3443 542 3517 explevit
560 3444 621 3512 δελ,
640 3443 797 3518 <τύνοδος>
812 3443 864 3501 Gu.
877 3444 956 3501 Kxoll
1027 3453 1043 3503 ὁ
1061 3448 1219 3521 νουμηνίαν

210 3519 243 3574 X
336 3524 370 3573 10
394 3517 436 3573 ὅτι
463 3515 557 3586 (omis.
582 3515 626 3584 X)
658 3512 673 3569 ὁ
699 3512 848 3582 τριάκοντα
866 3548 902 3558 -
920 3523 951 3570 11
974 3520 1140 3587 τριακοντάς
1163 3522 1222 3579 XS

211 3595 245 3645 14
263 3591 328 3659 post
341 3593 422 3644 καλεῖ
435 3587 556 3643 OEFG
572 3585 604 3640 in
621 3584 748 3657 margine
764 3586 884 3642 addunt:
902 3589 951 3642 καὶ
964 3589 992 3644 οἱ
1005 3589 1055 3660 μὲν
1069 3595 1220 3662 χραμμιιιολ

208 3667 261 3765 ἃ]
274 3664 324 3747 νδ
346 3679 396 3733 τὸν
419 3675 488 3731 δέκα
511 3684 687 3743 συνιστῶσιν,
713 3673 739 3728 οἱ
757 3672 788 3729 δὲ
805 3675 863 3731 ἀπὸ
881 3676 984 3732 τούτου
1002 3679 1084 3752 κύβοι
1104 3687 1125 3736 ᾗ
1145 3687 1164 3753 η,
1182 3670 1221 3750 {ff

209 3769 244 3834 ξδ
261 3767 312 3821 τὸν
329 3771 348 3834 ᾗ
365 3773 495 3821 ποιοῦσιν
569 3768 601 3818 17
620 3763 692 3818 αἰὼν
710 3759 742 3817 δέ
754 3760 828 3820 ἐστιν
841 3795 875 3805 -
890 3769 924 3819 20
942 3765 1049 3831 ἔντασις
1061 3769 1098 3823 H
1111 3769 1219 3827 1161*

209 3845 243 3894 18
262 3835 453 3910 περιπόλησις]
467 3831 616 3907 περίληψις
629 3834 666 3890 H
729 3839 761 3888 19
779 3834 797 3904 ἡ
812 3834 891 3890 omis.
904 3835 940 3890 H
999 3844 1034 3894 20
1052 3839 1176 3905 ἔκστασις
1187 3842 1219 3899 Α
