3074 4598
292 466 357 532 182
408 466 545 524 FRAGM.
563 465 682 522 LIBRIS
699 465 748 520 DE
766 465 876 520 ms.
894 464 1008 521 mso
1026 464 1189 520 TRIBUTA

248 640 275 694 Y
290 631 348 696 διά
376 634 456 710 τοὺς
483 631 677 720 κεραυνούς.
721 641 789 696 τῶν
818 630 931 716 μέντοι
960 631 1236 716 ιιεραννοβλήτων
1266 629 1307 693 τά

290 740 426 825 σώματα
447 743 559 824 ἄταφα
579 742 823 823 κατελίμπανον
846 741 879 806 οἱ
899 740 1011 821 πάλαι,
1033 734 1229 821 άδιάφθορα
1250 735 1306 822 μέ-

289 869 406 913 νοντα·
435 857 493 930 τῆς
523 846 588 929 γδρ
619 842 657 909 ἐν
684 845 799 922 αὐτοῖς
827 847 1009 933 ὑγρότητος
1036 842 1305 928 άναρτταζομένης

291 952 357 1018 ὑπὸ
380 963 440 1020 τοῦ
458 955 576 1038 πυρός,
600 953 709 1038 ὥσπερ
728 952 962 1035 ἀκοπτηθέντα
983 950 1151 1037 διαμένειν
1167 947 1303 1034 κέφικε.

248 1067 274 1121 Χ
356 1059 377 1122 2
392 1067 475 1137 (176).
491 1061 534 1125 Οἱ
547 1071 617 1125 τῶν
627 1058 791 1147 Ἑβραίων
800 1062 908 1141 λόγωι
921 1061 981 1125 τὸν
993 1058 1068 1144 περὶ
1077 1056 1229 1144 κρογνέι-
1238 1065 1355 1121 ΒιΝθτ

262 1182 373 1242 ισεως
393 1167 496 1249 λόγον
515 1169 592 1254 διχῆ
611 1166 799 1253 τέμνουσιν,
823 1168 870 1242 εἰς
888 1177 1005 1250 σημεῖα
1022 1165 1076 1230 καὶ
1093 1165 1225 1250 τέρατα·
1246 1161 1301 1231 καὶ

290 1284 408 1357 σημεῖα
429 1270 492 1358 μὲν
514 1271 603 1341 εἶναι
628 1277 809 1360 βούλονται
831 1274 872 1338 τά
893 1272 931 1338 έν
953 1272 1127 1356 μετεώροις
1150 1273 1301 1339 συνιστά-

288 1401 387 1463 μενα,
417 1380 537 1466 τέρατα
565 1379 603 1448 δὲ
632 1384 673 1446 τὰ
699 1379 752 1446 ἐπὶ
780 1389 842 1465 γῆς
868 1380 913 1457 ὡς
938 1379 1027 1460 παρὰ
1052 1377 1157 1462 φύσιν
1184 1381 1302 1462 φαινό-

288 1510 383 1571 μενα,
399 1489 519 1556 ὁκοῖον
533 1490 642 1555 έκεῖνο
655 1489 692 1553 τὸ
707 1485 761 1552 ἐπὶ
774 1497 834 1570 τῆς
846 1483 1051 1571 καλουμένης
1062 1495 1129 1548 τῶν
1137 1482 1302 1568 Ἑβραάον

249 1619 276 1658 10
290 1591 409 1672 ἐξόδου
427 1595 682 1680 ἀναφερόμενον
698 1592 774 1677 περὶ
788 1591 960 1668 Μωυσέως
978 1590 1094 1656 αὐτοῦ·
1116 1587 1183 1654 ’καί
1201 1583 1300 1674 εἶδεν,

289 1700 340 1767 ότι
363 1701 383 1785 ή
406 1703 507 1786 βάτος
528 1705 671 1783 καίεται,
697 1699 717 1783 ή
745 1695 784 1764 δὲ
808 1699 908 1783 βάτος
930 1697 972 1764 οὐ
993 1697 1201 1763 κατεκαίετο.’
1244 1695 1300 1762 καὶ

287 1808 403 1872 πάλιν·
430 1808 559 1892 ’ἔρριψε
582 1811 731 1892 Μωυσῆς
758 1807 821 1889 τήν
843 1805 971 1891 ῥάβδον
997 1801 1050 1869 ἐπὶ
1076 1805 1137 1888 τήν
1157 1813 1223 1888 γῆν
1244 1803 1300 1870 καλ

287 1911 417 1994 ἐγένετο
447 1915 546 1999 ὄφις]
601 1911 658 1979 καὶ
688 1915 804 1979 πάλιν·
841 1913 1025 1997 εεἰσήνεγκε
1055 1914 1205 1995 Μωυσῆς
1238 1913 1301 1997 τήν

287 2031 382 2105 χεῖρα
403 2023 451 2098 είς
473 2022 534 2087 τὸν
555 2025 684 2088 κόλπον
705 2021 820 2105 αὐτοῦ,
842 2020 898 2086 καὶ
921 2019 1049 2104 ἐγένετο
1067 2018 1088 2103 ἡ
1105 2017 1177 2106 χεὶρ
1196 2018 1299 2086 αὐτοῦ

247 2153 273 2193 15
289 2125 368 2193 ὡσεὶ
390 2128 496 2215 χιών]
531 2124 603 2195 εἶτα
626 2123 739 2206 αὖθις·
762 2127 830 2193 ’καὶ
853 2122 945 2193 εἶπεν
967 2128 985 2194 ὁ
1003 2127 1084 2204 θεὸς
1099 2127 1183 2212 πρὸς
1197 2129 1300 2192 Μωυ

289 2243 364 2317 σῆν·
387 2238 476 2322 λήψη
499 2236 565 2302 ἀπὸ
588 2245 650 2302 τοῦ
672 2235 794 2311 ὕδατος
816 2243 877 2301 τοῦ
898 2243 1049 2319 ποταμοῦ
1072 2231 1124 2298 ἐπὶ
1141 2233 1179 2296 τὸ
1198 2231 1299 2317 ξηρὸν

287 2340 342 2405 καὶ
365 2345 456 2408 ἔσται
480 2335 583 2428 αἴροι’
628 2337 699 2408 εἶτα
719 2343 862 2425 ὑποβάς·
890 2339 961 2405 ’καὶ
989 2334 1060 2404 εἷπε
1080 2339 1195 2423 κύριος
1216 2341 1299 2424 πρὸς

286 2451 452 2534 Μωυσῆν·
479 2449 538 2516 ἐὰν
561 2451 688 2535 λαλήσῃ
713 2449 837 2534 Φαραὼ
859 2449 942 2535 πρὸς
963 2449 1049 2533 ὑμᾶς
1070 2445 1187 2528 λέγων,
1209 2447 1297 2511 Δότε

287 2567 424 2639 σημεῖον
445 2557 466 2641 ἢ
489 2558 596 2642 τέρας,
620 2553 699 2639 λαβὲ
721 2557 784 2639 τήν
806 2556 933 2640 ῥάβδον
955 2572 1028 2637 σου,
1049 2552 1103 2618 καὶ
1124 2553 1227 2635 ῥίψον
1244 2551 1297 2618 ἐπὶ

247 2687 273 2726 20
286 2669 345 2743 τῆς
365 2674 435 2747 γῆς,
457 2662 513 2728 καὶ
532 2667 624 2728 ἔσται
643 2662 796 2747 δράκωνῖ
832 2660 887 2727 καὶ
906 2661 947 2728 οὐ
965 2670 1067 2726 ταῦτα
1083 2663 1198 2744 μόνον,
1222 2657 1292 2724 ἀλλ’

286 2769 334 2832 ἔτι
357 2770 452 2854 τέρας
475 2772 558 2836 ἄλλο
581 2771 814 2854 φοβερώτερον
840 2768 860 2850 ἡ
883 2778 943 2834 τοῦ
965 2769 1088 2843 παντὸς
1109 2768 1296 2847 Αἰγυπτίου

285 2873 408 2952 ὕδατος
440 2878 487 2952 είς
514 2876 648 2959 λύθρον
678 2875 842 2958 μεταβολή
873 2872 927 2938 καὶ
959 2884 1026 2937 τῶν
1055 2874 1229 2958 βατράχων
1259 2873 1296 2937 τὸ

285 2985 416 3064 πλῆθος
438 2980 493 3046 καὶ
517 2983 550 3048 οἱ
573 2983 746 3065 λεγόμενοι
775 2991 908 3055 σκνῖπες
933 2977 989 3042 καὶ
1012 2979 1045 3042 ολ
1066 2978 1211 3061 μόωκες,
1239 2979 1298 3055 οὓς

287 3084 384 3152 αὐτοὶ
409 3094 549 3154 καλοῦσι
572 3089 765 3171 κυνομόιας,
794 3084 849 3150 καὶ
876 3086 896 3169 ἡ
929 3097 996 3149 τῶν
1024 3096 1153 3167 κτηνῶν
1183 3086 1297 3168 φθορά

244 3221 270 3259 25
285 3192 340 3258 καὶ
370 3194 388 3259 ὁ
416 3196 590 3279 κονιορτὸς
617 3195 635 3259 ό
664 3192 822 3276 ἑλκώδης,
852 3197 1051 3276 φλυκταῑνκι
1077 3189 1131 3255 καὶ
1154 3190 1296 3274 ἀκρίδες,

285 3311 389 3366 ταῦτα
411 3303 519 3366 πάντα
542 3300 662 3386 τέρατα
689 3299 731 3364 ἂν
755 3300 891 3375 δικαίως
917 3296 1076 3380 λέγοιντο.
1121 3307 1238 3381 σημεῖα
1259 3293 1296 3362 δὲ

358 3474 733 3538 §176E10dusc.HI-X
807 3491 831 3528 v.
850 3479 881 3526 10
899 3472 967 3526 ibid
988 3472 1102 3540 0.11L2
1176 3477 1208 3526 12
1226 3471 1294 3526 ιδὶδ.

286 3545 403 3613 c.IV‚3
467 3553 500 3601 13
519 3546 590 3601 ibid.
609 3545 687 3613 me
751 3550 784 3599 16
803 3543 872 3598 ibid.
891 3543 969 3611 ΝΑ
1032 3549 1064 3597 17
1082 3542 1295 3611 ibidmw

356 3723 380 3759 v.
399 3715 410 3760 1
432 3717 486 3762 τῶν
504 3705 601 3775 μέντοι
615 3712 681 3757 -4
699 3703 807 3774 πέφυκε
826 3704 904 3759 omi&
919 3705 950 3758 X
1021 3710 1037 3758 6
1055 3701 1212 3775 τέμνουσιν]
1229 3701 1296 3772 πέμ·

285 3779 432 3902 {3²³1}pr
506 3784 540 3832 10
559 3773 647 3848 εἶδεν]
666 3776 719 3846 ὁρᾶ
730 3775 805 3831 LXX
878 3784 909 3831 11
930 3775 944 3830 δ
963 3773 1048 3846 βάτος
1064 3773 1172 3829 καίεται
1186 3776 1262 3843 περὶ,
1280 3774 1296 3829 δ
