3074 4598
251 482 293 548 78
492 482 603 540 LIBER
621 481 798 549 QUARTUS.
824 483 1024 540 IANUABms

178 654 238 710 xR.
251 647 386 735 ἄρχεται
412 655 656 735 καρποφορεῖν,
682 650 823 733 θνήσκει
845 645 883 716 δὲ
904 647 1065 726 ὀκταετές·
1090 642 1272 734 τριφηθὲν

248 751 287 822 δὲ
319 755 361 822 οὐ
394 754 608 842 φρυγόμενον
643 760 846 841 μελαίνεται,
881 754 952 823 ἀλλ’
987 755 1024 822 ix
1054 764 1114 822 τοῦ
1145 754 1185 821 έν
1215 761 1269 842 τῷ

247 861 331 950 ἡλίφ
346 862 574 926 διατίθεσθαι·
590 857 674 924 ὅθεν
686 865 862 946 συμβαίνει
875 863 912 927 τὸ
927 865 1127 942 σκιύὴκικτον
1140 862 1268 928 λειαὸν

248 966 428 1053 διαμένειν.
929 978 933 983 “

207 1084 236 1138 Y
317 1072 368 1138 15.
382 1071 454 1138 Ὅτι
469 1075 663 1156 ποντίφικες
678 1075 712 1140 ολ
726 1073 890 1160 ἀρχιερεῖς
903 1077 993 1162 παρὰ
1004 1075 1173 1162 Ῥωμαίοις
1187 1085 1320 1141 RrIH21

220 1178 417 1263 είλέγοντο,
449 1178 601 1262 καθάπερ
634 1177 671 1244 ἐν
694 1178 854 1265 Ἀθήναις
881 1182 919 1246 τὸ
950 1184 1053 1249 πάλαι
1080 1193 1262 1270 νεφυραλοι

245 1287 367 1364 πάντες
385 1287 418 1353 ολ
436 1281 513 1372 περὶ
530 1285 570 1350 τά
582 1285 705 1370 πάτρια
719 1287 792 1373 λερδι
805 1284 956 1370 ἐξηγηταὶ
968 1287 1024 1353 καλ
1038 1288 1202 1375 ἀρχιερεῖς
1215 1327 1261 1338 -

246 1391 410 1478 διοικηταὶ
436 1405 505 1460 τῶν
531 1392 621 1457 ὅλων
648 1430 690 1440 -
718 1394 940 1479 ὠνομάζοντο,
972 1394 1029 1459 διά
1055 1394 1091 1460 τὸ
1119 1395 1173 1461 ἐπὶ
1200 1407 1262 1482 τῆς

218 1502 474 1587 ογεφύραςτοῦ
492 1502 679 1583 Σπερχειοῦ
695 1509 846 1585 τιοταμοῦ
864 1499 1045 1585 ἱερατεύειν
1061 1507 1107 1588 τῷ
1122 1505 1260 1568 Παλλα-

181 1607 316 1696 ΕῩδίφ.
361 1610 490 1692 κίντην
515 1606 580 1691 γάρ
607 1605 641 1671 ολ
663 1604 814 1691 Ῥωμαῖοι
840 1607 902 1690 τὴν
927 1604 1079 1693 γέφυραν
1104 1611 1258 1694 καλοῦσι,

203 1723 230 1778 Y
242 1710 299 1779 καὶ
320 1718 475 1780 κοντίλια
496 1714 537 1779 τὰ
559 1723 725 1799 γεφυραῑα
743 1711 833 1793 ξύλα
874 1713 957 1779 ὅθεν
973 1712 1030 1779 καὶ
1046 1711 1257 1799 τραξιεργίαι

243 1822 352 1903 δῆθεν
374 1820 553 1888 ἐκαλοῦντο
576 1818 697 1886 ὡσανεὶ
714 1823 869 1886 τελεσταί.
905 1829 1003 1887 τοῦτο
1021 1821 1084 1907 γὰρ
1101 1823 1257 1906 σημαίνει

241 1927 280 1992 τὸ
302 1928 463 2013 πόντιφεξ
486 1925 550 1993 ἀπὸ
572 1934 634 1992 τοῦ
656 1927 802 1993 δυνατοῦ
826 1925 863 1992 έν
883 1928 1002 2012 ἔργοις.

200 2042 227 2098 X
311 2034 363 2101 16.
398 2039 444 2122 Ίζῆ
466 2035 532 2121 πρὸ
555 2032 635 2100 δέκα
656 2034 741 2100 ὀκτὼ
764 2035 946 2100 Καλενδῶν
970 2036 1210 2123 Φεβρουαρίων
1227 2046 1312 2103 IV13

201 2167 228 2209 ιε
242 2141 469 2227 ἀνεμομαχίαν
490 2141 508 2208 ὁ
528 2142 672 2227 Βάρρων
693 2139 781 2225 λέγει
803 2145 968 2228 γίνεσθαι,
989 2143 1199 2228 Δημόκριτος
1217 2138 1258 2208 δέ

240 2249 300 2315 τὸν
323 2251 401 2333 λίβα
422 2251 503 2335 μετά
526 2251 654 2334 ὄμβρου
676 2245 758 2333 φησὶ
780 2251 943 2332 γίνεσθαι.

165 2365 225 2423 ΧΥ
307 2356 359 2421 17.
391 2359 432 2424 Οἱ
450 2357 636 2443 φιλόσοφοί
654 2372 737 2440 φασι
754 2357 963 2441 Διοσκόρους
981 2350 1121 2421 εἶναιτὸ
1139 2355 1207 2421 ὑπὸ
1225 2365 1309 2421 HI22

239 2473 305 2547 γῆν
336 2461 392 2528 καὶ
422 2460 507 2550 ὑπὲρ
539 2471 604 2547 γῆν
631 2462 862 2548 ἡμισφαίριον·
889 2466 1064 2529 τελευτῶσι
1089 2456 1128 2527 δὲ
1157 2461 1253 2547 ἀμοι-

199 2582 226 2636 Χ
239 2571 346 2654 βαδὸν
368 2579 530 2656 μυθικῶς,
553 2566 657 2636 ολονεδ
679 2570 745 2635 ὑπὸ
768 2571 847 2646 τοὺς
864 2568 1042 2647 ἀντίποδας
1060 2567 1093 2647 έξ
1111 2566 1254 2654 ἀμοιβῆς

198 2703 225 2744 ιο
239 2679 428 2762 φερόμενοι.
465 2677 498 2742 ολ
520 2671 558 2741 δὲ
575 2673 652 2760 περὶ
664 2672 879 2760 Ἐπιμενίδην
896 2676 1019 2760 ἀρρενα
1035 2671 1090 2739 καὶ
1106 2676 1252 2758 θὴλειαν

238 2781 431 2867 ἐμύθευσαν
457 2783 535 2857 τοὺς
561 2784 785 2867 Διοσκόρους,
814 2781 873 2846 τὸν
898 2776 961 2865 μὲν
988 2782 1105 2864 αἰῶνα,
1138 2782 1249 2866 ὥσπερ

237 2888 382 2972 μονάδα,
405 2889 467 2972 τὴν
489 2882 527 2951 δὲ
549 2887 663 2971 φύσιν,
685 2886 730 2964 ὡς
753 2886 871 2970 δυάδα,
893 2884 1102 2962 καλέσαντες·
1129 2885 1165 2951 έκ
1183 2887 1248 2971 γάρ

236 2994 383 3077 μονάδος
404 2991 459 3058 καὶ
482 2993 606 3068 δυάδος
624 2990 642 3057 ὁ
660 3001 724 3069 πῶς
742 2992 937 3076 ζωογονικὸς
953 2990 1010 3058 καὶ
1027 2993 1249 3077 αυχογονικὸς

307 3203 332 3240 v.
354 3192 387 3241 15
406 3185 496 3242 Varro
519 3187 548 3239 et
570 3182 746 3239 Democritus
763 3183 950 3240 Wachsmuth
967 3185 1002 3240 de
1021 3187 1073 3241 ost.
1093 3189 1144 3240 295
1163 3203 1205 3242 nr.
1221 3191 1246 3240 2.

236 3261 271 3311 20
290 3256 318 3311 ολ
336 3258 400 3326 περὶ
415 3254 599 3327 ’ὣιιμενίδην
618 3254 651 3310 ef.
670 3254 814 3310 Dieterich
831 3255 957 3310 Abraxas
974 3274 1002 3327 p.
1022 3261 1112 3325 130,1

305 3452 331 3488 v.
351 3439 365 3487 1
386 3433 537 3503 καρπεύειν
555 3431 584 3487 R
604 3433 610 3503 Ι
631 3431 772 3503 τρυρηθέν
791 3431 823 3488 δὲ
841 3433 866 3488 εἰ
884 3431 934 3502 μέν
952 3432 1037 3489 ἐντῶ
1055 3430 1244 3506 ἡλίωφρυγῆ,

234 3501 407 3575 μελαίνεται,
430 3505 457 3560 ελ
478 3501 509 3559 δὲ
528 3499 641 3572 γίνηται
659 3501 829 3574 σιιύφυιτον
848 3502 1019 3560 λευκαίνεται
1037 3505 1067 3561 R
1135 3510 1153 3559 3
1172 3503 1244 3561 ὅθεν

235 3574 314 3630 omis.
334 3575 364 3629 B
435 3572 560 3646 διιαρδι]
578 3574 642 3642 περὶ
662 3573 719 3629 GE
788 3579 822 3629 10
841 3572 883 3629 δτι
900 3573 1007 3645 τίν-την
1025 3576 1053 3631 ολ
1071 3570 1190 3646 βωμαῖοι
1208 3608 1243 3618 -

233 3654 375 3716 γεφυραῑα
396 3646 504 3712 {aas
574 3650 607 3699 15
630 3643 724 3715 βάρου
742 3646 775 3701 Χ
796 3647 801 3716 Ι
826 3652 852 3700 Δ
940 3666 1045 3709 ιτος-
1060 3652 1093 3701 16
1111 3644 1243 3717 γίνεσθαι

234 3715 313 3772 omis.
333 3717 362 3771 B
445 3723 476 3771 17
497 3712 539 3770 δτι
558 3716 738 3783 διοοκούρονς
755 3667 874 3787 φασλέδ
945 3725 1032 3788 ργῆν
1050 3718 1098 3773 καλ
1115 3719 1170 3774 ύτιδ
1189 3725 1247 3844 μς

235 3785 419 3857 ἡμισφαίριον
451 3785 608 3858 ἀμοιβαδὸν
639 3790 766 3856 μυθικῶς
796 3793 899 3855 ζῶντας
929 3790 978 3843 καὶ
1003 3792 1186 3853 τελευτῶντας

234 3862 267 3913 19
287 3857 404 3929 δμοιβὴἳ
421 3859 449 3914 Α
521 3864 554 3912 21
574 3855 762 3926 ίμνθεύσαντο
780 3859 810 3913 Β
