3074 4598
279 432 343 496 152
522 428 629 484 LIBER
648 427 824 493 QUARTUS.
851 425 1042 481 AUGUSTUS

237 603 264 658 Y
278 594 342 660 τὸν·
360 592 569 658 ἀπαίδευτον.
613 588 669 656 καὶ
691 589 814 677 μέτρον
839 585 877 655 δδ
900 587 956 655 καὶ
978 589 1059 676 ὅρον
1082 599 1157 666 ταῖς
1179 614 1216 655 τε
1241 590 1297 656 εύ-

279 704 392 785 ωχίαις
413 697 468 766 καί
490 709 562 775 ταῖς
583 696 717 784 προιξίν
738 699 853 781 ἔθηκε,
874 708 1004 783 πρῶτος
1027 694 1081 763 ἐπί
1103 707 1145 783 τῇ
1169 695 1296 764 §amoc

278 804 424 893 θυγατρί
450 814 548 872 τοῦτο
575 807 723 888 ποιήσας.
772 812 829 888 τῆς
856 799 893 869 δὲ
919 814 988 869 τῶν
1013 804 1173 888 ὑπηκόων
1199 803 1293 870 ἐλευ-

278 918 397 1000 θερίας
418 920 579 978 τοσοῦτον
603 911 803 997 ἐφρόντιζεν,
830 911 912 976 ὥστε
935 910 1026 986 τινὸς
1048 922 1116 976 τῶν
1137 912 1293 977 κολάκων

253 1018 334 1086 ιέπλ
363 1028 421 1104 της
449 1023 573 1102 βουλῆς
602 1019 765 1101 δεσπότην
792 1016 894 1082 αὑτὸν
923 1017 1033 1103 ῶσπερ
1061 1015 1099 1082 ἐν
1124 1017 1293 1104 ὑπεροχῆς

280 1129 390 1212 τρόπῳ
399 1124 609 1208 καλέσαντος,
623 1124 722 1201 αὐτὸς
736 1122 924 1202 ἐξαναστὰς·
939 1123 1014 1207 ‘syc
1025 1122 1084 1208 δι”,
1099 1126 1175 1209 ἔφη,
1188 1123 1292 1189 Ἔλευ-

281 1232 407 1318 θέροις,
432 1230 502 1297 ἀλλ’
526 1231 566 1297 ού
590 1233 725 1307 δούλοις
747 1233 874 1315 ἔμαθον
897 1229 1130 1314 διαλέχεσθαι’.
1352 1231 1357 1237 ’

247 1349 266 1402 S
350 1337 421 1401 113.
436 1336 507 1402 Ὅτι
531 1338 548 1402 ὑ
573 1338 683 1422 Χάρης
706 1339 803 1419 φησί·
1220 1347 1347 1401 dcesth

418 1443 569 1526 δαπάνην
593 1445 732 1525 ἀκαιρον
753 1443 905 1526 μηδαμοῦ
927 1444 1096 1526 προσίεσο,

244 1573 269 1613 ιο
417 1548 557 1631 γαστρὸς
579 1543 617 1610 δὲ
638 1555 741 1629 πειρῶ
764 1555 873 1610 πᾶσαν
895 1545 994 1627 ἡνίαν
1015 1556 1157 1629 κρατεῖν.

352 1651 424 1715 114.
438 1649 509 1714 Ὅτι
519 1651 681 1714 ολΓάλλοι
690 1650 746 1711 διά
755 1660 823 1712 τῶν
835 1649 1015 1731 ὑπονόμων
1024 1648 1223 1725 ἐπελθόντες
1229 1660 1351 1715 dccsth

284 1765 322 1840 τῇ
341 1755 444 1839 Ῥώμη
472 1754 591 1828 νυκτὸς
617 1751 776 1835 κατέσχον
802 1752 840 1817 τὸ
864 1753 1093 1817 Καπετώλιον·
1120 1754 1296 1830 τοιούτους

284 1861 347 1946 γάρ
371 1860 449 1934 τοὺς
471 1858 662 1941 ὑπονόμους
683 1866 741 1940 τῆς
759 1855 880 1940 Ῥώμης
899 1855 1042 1942 Σέρβιος
1068 1862 1215 1934 Τοῦλλος
1237 1883 1296 1923 κα-

284 1963 519 2030 τεσκεύασενὸ
543 1962 613 2048 ρηξ,
635 1963 680 2038 ώς
702 1961 828 2046 ἀμαξαν
850 1964 958 2046 πλήρη
981 1965 1102 2048 χόρτου
1124 1965 1296 2030 δύνασθαι

245 2095 271 2136 ιο
285 2069 328 2135 δι’
352 2070 462 2135 αὐτῶν
483 2075 737 2154 παρενεχθῆναι.
781 2079 850 2133 τῶν
876 2066 913 2133 δὲ
941 2067 978 2133 ἐν
1004 2077 1050 2156 τῶ
1078 2070 1156 2156 ἱερῷ
1182 2082 1297 2154 χηνῶν

286 2178 429 2241 ἰδόντων
458 2176 537 2252 τοὺς
567 2178 745 2258 πολεμίους
780 2172 835 2239 καὶ
867 2173 1141 2257 ἀνακλαγξάντων
1168 2213 1210 2222 -
1238 2174 1295 2241 καὶ

285 2284 349 2366 γάρ
373 2281 583 2368 ἀγρυπνοςὴ
613 2280 713 2364 φύσις
736 2279 849 2357 αὐτοῖς
871 2319 913 2326 -
937 2280 955 2345 ὁ
979 2282 1160 2365 στρατηγὸς
1182 2282 1295 2347 διανα-

286 2389 364 2464 στάς
387 2386 532 2471 ἐξώθησε
560 2388 637 2462 τοὺς
659 2387 848 2471 βαρβάρους
872 2385 906 2450 ίκ
928 2395 988 2451 τοῦ
1013 2388 1117 2471 ἱεροῦ·
1147 2383 1217 2451 εἶτα
1240 2386 1295 2452 καί

287 2494 457 2577 δυνάμεως
480 2496 702 2577 συναχθείσης
719 2491 955 2578 κατέστρωσεν·
978 2494 1079 2557 ἔνθεν
1097 2491 1215 2579 ἑορτὴν
1233 2490 1296 2578 μὲν
1315 2557 1317 2562 ,

247 2627 273 2666 ιο
288 2598 343 2664 καί
370 2602 465 2684 τιμάς
491 2611 558 2665 τῶν
584 2609 710 2684 χηνῶν,
737 2597 813 2663 ἀνθ’
837 2593 885 2662 ὧν
908 2597 1074 2682 ἐφύλαξαν
1101 2599 1163 2682 τὴν
1184 2602 1296 2690 πόλιν,

247 2717 272 2770 Y
288 2709 432 2792 ἀλεὺρον
446 2703 482 2771 δὲ
492 2718 558 2771 τῶν
571 2717 691 2770 κυνῶν.
721 2715 760 2790 τῇ
774 2705 879 2788 <χάρ>
893 2705 957 2789 πρὸ
971 2716 1074 2789 τριῶν
1083 2709 1215 2770 Νωνῶν
1224 2717 1354 2773 erssro

288 2811 494 2893 Αὐγούστων
523 2810 671 2897 ἀνῄρουν
700 2810 873 2885 ἀκωλύτως
901 2809 938 2873 ἐν
957 2808 1060 2895 Ῥώμη
1088 2813 1167 2887 τοὺς
1192 2813 1297 2889 κύνας

290 2918 336 2991 είς
359 2918 458 3001 τιμὴν
477 2928 544 2981 τῶν
562 2928 683 3000 χηνῶν,
706 2917 756 2981 ὅτι
775 2917 811 2979 τὸ
827 2916 1042 2980 Καπετώλιον
1062 2917 1094 2980 οἱ
1116 2913 1178 2999 μὲν
1197 2917 1297 2993 κύνες

359 3071 383 3107 v.
399 3059 415 3105 3
435 3053 469 3107 cf.
489 3054 524 3106 de
541 3070 615 3122 mag.
630 3054 651 3121 1,
667 3058 682 3105 6
756 3058 789 3106 10
806 3053 944 3120 posterior
960 3069 1054 3106 versus
1073 3052 1178 3122 legitur
1189 3053 1297 3122 primus

289 3121 319 3175 in
341 3123 480 3192 Charefis,
508 3123 609 3193 tragici
633 3126 745 3192 poscae,
773 3123 930 3191 fragmento
952 3123 1055 3192 primo,
1082 3123 1182 3176 Nauck
1200 3142 1227 3192 p.
1242 3130 1297 3179 826

291 3198 324 3244 15
344 3192 377 3247 cf.
397 3194 432 3246 dc
449 3210 523 3263 mag.
538 3193 559 3262 1,
574 3199 607 3247 50

360 3316 384 3352 ν.
400 3304 416 3352 8
436 3296 477 3352 ὅτι
492 3298 507 3352 ό
522 3297 608 3368 χάρης
622 3331 655 3338 -
670 3305 702 3351 21
722 3308 777 3353 τῶν
795 3306 887 3353 κυνῶν
901 3298 923 3352 S
992 3304 1023 3350 21
1045 3297 1161 3366 ὄλεθρος
1175 3298 1201 3367 S,
1220 3301 1298 3367 quod

291 3369 396 3422 correxi
411 3369 416 3440 Ι
433 3367 474 3423 ότι
487 3377 520 3438 τη
535 3372 578 3439 (τῆ
594 3369 671 3424 omis.
682 3370 757 3438 DE)
770 3370 824 3435 πρὸ
834 3401 868 3408 -
877 3388 904 3437 p.
921 3374 1006 3436 153,6
1021 3366 1195 3430 cristescirce
1210 3370 1243 3438 Υ,
1263 3379 1299 3441 τῇ

290 3438 387 3510 (γὰρ)
402 3457 423 3492 π
442 3439 456 3492 ὸ
471 3438 569 3507 scripsi
627 3444 661 3491 23
675 3439 747 3493 κατὰ
756 3447 855 3494 τοῦτον
864 3439 914 3493 τὸν
923 3447 996 3507 μῆνα
1006 3435 1123 3506 βωμοῖοι
1132 3441 1197 3499 τοὺς
1209 3439 1301 3502 κύνας

290 3506 414 3575 ἀνήρουν
424 3459 447 3576 ἀ
462 3509 510 3562 διά
524 3508 555 3561 τό
569 3508 606 3576 μή
616 3513 744 3577 λυττησαι
753 3506 880 3575 αὑτοὺςῆ
891 3507 938 3561 διά
948 3509 979 3561 τὸ
990 3509 1025 3576 μὴ
1035 3518 1093 3569 τοῖς
1102 3517 1213 3562 νοσοῦσι
1223 3507 1300 3576 χίνε-

290 3581 359 3629 σθαι
374 3577 419 3630 ἐπὶ
434 3587 489 3631 τῶν
503 3588 610 3631 νυκτῶν
621 3579 753 3647 όχληρούς
761 3579 796 3630 Η
802 3577 820 3630 f.
831 3584 900 3644 167¹,
914 3579 962 3631 καί
973 3577 1022 3646 τὴν
1032 3588 1086 3631 τῶν
1100 3587 1192 3631 κυνῶν
1201 3577 1232 3630 δὲ
1243 3577 1301 3632 ἐτί-

290 3650 357 3698 λουν
366 3646 524 3716 πανήγυριν
534 3648 560 3700 ολ
571 3645 699 3714 Ῥωμαῖοι
713 3647 784 3701 κατὰ
794 3647 843 3701 τόν
853 3648 1009 3716 Αὑχουοτον
1020 3657 1101 3715 μῆνα,
1116 3649 1302 3714 ἀναιροῦντες

291 3717 392 3778 αὐτούς
411 3716 441 3770 ἐκ
459 3725 507 3785 της
521 3716 644 3779 ἁλώσεως
661 3726 709 3787 τῆς
727 3718 781 3771 ὑπὸ
796 3717 916 3784 Γάλλων,
935 3715 1006 3771 διότι
1022 3719 1171 3772 ἀνόλακτοι
1185 3716 1302 3786 ἔμειναν

290 3795 346 3841 τῶν
361 3796 453 3856 χηνῶν
471 3787 688 3860 ἀναβοησάντων
703 3788 778 3843 Suid.
793 3805 814 3844 s.
824 3807 848 3844 v.
858 3792 1037 3857 Μαΐουμᾶςο
1055 3789 1129 3858 Lydo
1144 3787 1301 3858 exscripsit.
