3074 4598
524 491 633 547 ιωωω
652 484 830 555 QUARTUS:
853 489 1013 548 ωκωωοε
1207 476 1287 560 103Ι

261 654 482 745 ἡ]Δελφι’ς,η
503 652 540 717 ἐν
558 656 716 733 Δελφοῖς·
729 655 895 732 τεχθεῖσαὲ
917 651 1034 736 γέγονε
1050 649 1089 718 δέ
1108 652 1189 736 αὕτη
1207 656 1271 738 πρὸ
1286 665 1349 721 Par.

226 750 229 754 ⁵
262 766 329 829 τῶν
348 763 504 844 Τρωῖκῶν
517 755 573 821 καλ
587 756 711 840 ἔγραψε
724 756 948 838 χρησμοδςδί
963 758 1051 824 ἐπῶν
1065 757 1102 823 ἐν
1115 767 1183 834 τοῖς
1196 761 1273 843 χρό-

261 889 333 942 νοις
356 875 424 929 τῶν
445 872 583 947 κριτῶν,
608 859 749 940 ὁπηνίκα
771 860 920 945 ΔεβώραΙ
934 872 1098 949 προφῆτις
1120 859 1162 947 ην
1183 866 1273 948 παρὰ

256 971 442 1045 Ἰουδαίοις.
492 965 628 1050 τετάρτη
647 961 788 1046 Ἰταλικὴ
816 963 836 1046 ἡ
865 963 901 1028 ἐν
923 969 1091 1056 Κιμμερίη
1117 978 1173 1053 τῆς
1190 967 1272 1034 Ἰτα-

260 1080 349 1158 λίας,
376 1071 505 1156 πέμπτη
524 1068 708 1157 Ἐρυθραία
735 1067 799 1134 ἀπὸ
821 1070 948 1147 πόλεως
965 1071 1131 1161 Ἐρυθρᾶς
1151 1081 1272 1141 καλου·
1298 1101 1310 1142 τ

261 1163 360 1266 μένης
384 1175 554 1264 ἐνἸωνίμ,
577 1177 597 1260 ἡ
621 1174 697 1263 περὶ
719 1184 780 1242 τοῦ
804 1178 953 1260 Τρωϊκοῦ
974 1192 1190 1266 προειρηκυῖα
1212 1201 1272 1247 πο-

263 1284 374 1369 λέμου.
419 1283 496 1370 ἕκτη
519 1287 642 1370 Σαμία,
665 1279 705 1366 ἧς
727 1283 764 1347 τὸ
787 1281 906 1367 κόριον
928 1283 1033 1368 ὄνομα
1057 1288 1166 1370 Φυτώ,
1194 1286 1271 1374 περὶ

259 1387 297 1475 ἧς
324 1394 470 1477 ἔγραψεν
492 1389 750 1479 Ἐρατοσθένης,
782 1386 837 1453 καὶ
870 1388 951 1472 αὕτη
981 1389 1018 1454 ἐν
1043 1401 1113 1467 τοῖς
1139 1395 1271 1478 χρόνοις

259 1509 326 1565 τῶν
346 1501 436 1586 παρὰ
450 1498 628 1575 Ἰουδαίοις
645 1507 768 1581 κριτῶν
785 1490 836 1578 ἧν.
881 1493 1004 1581 ἑβδόμη
1022 1497 1157 1580 Κυμαία
1175 1498 1196 1582 ἡ
1214 1497 1270 1564 καὶ

254 1603 436 1691 Ἀμάλθεια
463 1605 483 1691 ἢ
507 1604 687 1692 Ἡροφίλη·
715 1602 736 1685 η
764 1597 802 1667 δὲ
828 1601 927 1687 Κύμη
954 1605 1049 1680 πόλις
1077 1601 1166 1668 ἐστὶν
1188 1602 1270 1687 Ἰτα-
1283 1632 1310 1672 1ο

202 1738 219 1804 j
258 1714 348 1797 λικη,
375 1708 415 1796 ἧς
436 1715 580 1796 πλησίον
607 1711 731 1796 άντρον
758 1706 827 1774 ἐστὶ
851 1705 1034 1795 συνηρεφὲς
1060 1707 1115 1775 καὶ
1142 1715 1270 1795 γλαφυ-

258 1819 417 1903 ρώτατον,
442 1817 479 1884 έν
502 1808 528 1905 ᾦ
547 1813 746 1901 διαιτωμένη
764 1815 785 1899 η
804 1817 956 1899 Σίβυλλα
975 1815 1056 1899 αὕτη
1076 1818 1153 1895 τοὺς
1169 1834 1270 1904 χρησ-

255 1926 342 2008 μοὺς
366 1923 480 1989 ἐδίδου
507 1935 578 2000 τοῖς
600 1919 878 2006 πυνθανομένοις.
924 1921 1026 2008 ὀγδόη
1048 1923 1068 2006 η
1092 1927 1267 2008 Γεργιθία·

258 2032 402 2114 πολίχνη
425 2025 462 2094 δὲ
483 2027 561 2114 περὶ
584 2028 644 2093 τὸν
661 2026 906 2111 Ἑλλήσποντον
925 2029 962 2092 τὸ
983 2031 1170 2115 Γεργίθιον.
1216 2030 1267 2096 ἐν-

258 2136 341 2219 νάτη
363 2139 505 2220 Φρυγία,
527 2133 648 2216 δεκάτη
666 2132 687 2216 ἡ
710 2135 888 2218 Τιβουρτία
908 2134 1044 2219 ὀνόματι
1063 2134 1267 2223 Ἀλβουναία
1281 2164 1307 2206 τε

255 2243 308 2308 ότι
329 2242 350 2326 ἡ
369 2239 517 2306 Ἰουδαία
541 2243 693 2324 Σίβυλλα
711 2236 770 2304 καὶ
793 2237 918 2316 Χαλδλς
940 2239 1099 2309 ἐκαλεῖτο·
1123 2241 1178 2308 καλ
1200 2244 1264 2330 γὰρ

255 2349 274 2415 ὁ
292 2350 408 2414 Φίλων
421 2348 481 2413 τὸν
498 2345 666 2422 Μωυσέως
684 2348 760 2431 βίον
774 2343 978 2432 ἀναγράφων
991 2348 1160 2414 Χαλδαῖον
1177 2344 1264 2416 εἶναι

206 2448 208 2451 ’
256 2454 359 2520 αὐτὸν
382 2452 480 2537 λέγει,
503 2458 705 2536 γεγενῆσθαι
727 2447 764 2517 δὲ
787 2449 825 2516 ἐν
847 2453 1016 2542 Αἰγύπτῳ,
1040 2455 1084 2531 ὡς
1101 2466 1168 2521 τῶν
1184 2475 1265 2542 προ-ι

255 2563 366 2644 γόνων
380 2558 484 2625 αὐτοῦ
502 2557 607 2625 ἐκεῖσε
624 2559 857 2624 κατελθόντων
875 2559 932 2624 διά
948 2561 1047 2645 λιμὸν
1061 2563 1265 2645 κατασχόντα

256 2666 441 2750 Βαβυλῶνά
463 2689 499 2732 τε
525 2662 581 2730 καὶ
608 2667 667 2742 τὰς
692 2666 950 2751 πλησιοχώρους.
994 2665 1050 2732 καί
1077 2668 1120 2744 ὡς
1147 2668 1264 2754 ἐοικεν,
1277 2695 1304 2735 εο

255 2770 309 2838 ἀπ’
330 2772 432 2860 ἀρχῆς
450 2775 484 2840 οἱ
501 2777 686 2838 Χαναναῖοι
704 2770 810 2848 οὕτως
829 2770 1018 2857 ἐκαλοῦντο,
1035 2772 1056 2857 ἢ
1075 2773 1185 2839 διὰτὸ
1203 2773 1264 2839 τδν

204 2906 211 2939 ς
249 2877 398 2966 Ἀβραὰμ
421 2879 553 2947 ἐκεῖθεν
575 2879 759 2964 ὡρμῆσθαι.
804 2876 891 2962 λέγει
919 2875 956 2944 δὲ
983 2879 1001 2946 ό
1026 2879 1125 2957 αὐτὸς
1149 2884 1264 2947 Φίλων

253 2984 307 3053 καὶ
333 2984 410 3071 περὶ
437 2998 505 3051 τῶν
533 2985 797 3072 συγγραμμάτων
825 2993 885 3051 τοῦ
907 2984 1093 3070 Μωυσέως,
1122 2987 1173 3052 ὅτι
1199 2985 1257 3054 ὑπ’

253 3092 357 3157 αὐτοῦ
383 3088 445 3176 μὲν
472 3101 512 3178 τῇ
535 3092 706 3177 Χαλδαῖκη
732 3090 860 3177 γλώττη
888 3090 1029 3177 ἐγράφη,
1058 3091 1198 3179 ὕστερον
1224 3090 1263 3160 δέ

252 3197 317 3288 ὑπὸ
342 3200 554 3282 Πτολεμαίου
576 3199 624 3274 εἰς
646 3198 708 3280 τὴν
725 3195 866 3262 Ἑλλάδα
888 3199 1112 3284 μετεφράσθη,
1134 3197 1171 3275 ὃς
1191 3202 1261 3285 τρί-
1274 3224 1301 3268 ιε

252 3327 308 3380 τος
339 3299 383 3387 ἦν
409 3315 477 3369 τῶν
503 3302 559 3369 &ff
582 3301 802 3388 Ἀλεξάνδρου
830 3303 892 3386 την
918 3308 1091 3387 Αἴγυπτον
1116 3310 1261 3391 παραλα-

322 3460 347 3495 v.
363 3447 396 3495 17
414 3441 496 3497 Philo
514 3441 583 3497 Vita
600 3440 686 3496 Motis
704 3441 755 3510 I‚2
828 3447 861 3496 22
880 3440 961 3496 Philo
978 3441 1046 3497 ibid.
1064 3442 1099 3512 11,
1118 3449 1142 3498 ὅ.
1158 3448 1173 3497 6

321 3585 346 3621 v.
363 3573 377 3619 1
397 3565 529 3638 Δελφοῖς]
544 3566 641 3634 δελφὶς
654 3565 722 3620 Par,
777 3566 889 3635 ῖφυτὼ
903 3567 986 3638 Pam,
1002 3564 1033 3620 in
1046 3583 1114 3622 corr.
1169 3573 1202 3622 10
1221 3566 1259 3622 ἱε-

252 3637 360 3707 ροφόλη
379 3637 456 3706 Par„
477 3654 546 3692 corr.
565 3634 597 3690 Ε.
612 3636 707 3691 Maass
724 3634 800 3690 ibid.-
811 3655 839 3706 p.
854 3642 888 3690 45
961 3643 992 3690 11
1013 3633 1164 3707 συνηνεφές
1181 3638 1259 3707 Par„

253 3725 320 3763 corr.
337 3708 449 3763 Cramer
521 3712 615 3763 11114
633 3704 755 3779 γεργιτία
773 3708 803 3760 et
820 3707 851 3762 τὸ
872 3704 1010 3779 γεργίτιον
1028 3709 1104 3776 Pan,
1123 3707 1258 3779 Γεργιθία

252 3778 312 3848 eth
328 3777 466 3849 Γέργιθας
479 3777 510 3832 Ε.
525 3778 620 3833 Μεοεε
690 3785 721 3832 1ο
739 3778 867 3849 τιγοόρτη
882 3776 1063 3850 εῖόβονναία
1077 3780 1152 3848 Par.²
1166 3796 1259 3835 emen·
1333 3780 1336 3786 '

254 3849 333 3905 davit
349 3849 381 3905 E.
395 3850 490 3904 Maass
564 3855 596 3904 17
616 3846 725 3919 μωσέως
742 3850 809 3904 Par.
882 3854 915 3904 2³
933 3847 1042 3918 μωσέως
1059 3850 1125 3905 Par.
