3074 4598
346 528 483 585 FRAGM.
501 526 620 583 LIBms
637 525 686 580 DE
705 525 813 581 MENSL
831 524 945 581 FALSO
964 525 1124 582 TRJBUTA
1177 529 1238 595 181

231 697 300 759 ἔστι
319 690 356 758 δὲ
374 691 429 758 καὶ
450 689 544 778 ἑτέρα
565 691 749 773 κατασκευὴ
772 690 942 775 σπυρίδος,
965 687 1040 755 ἀντὶ
1057 693 1158 756 πίλου
1175 703 1215 780 τῆ
1231 703 1346 759 Οοῶεω

230 805 357 886 κεφαλῆ
380 793 604 882 ἐπιτιθεμένη,
627 799 774 861 καλεῖται
796 792 833 862 δὲ
855 794 931 880 παρ’
949 794 1086 872 Ἰταλοῖς
1105 798 1239 884 κόμελα,

231 904 264 985 ἐξ
288 901 329 972 οὑ
351 904 407 972 καὶ
429 901 641 988 καμελαύκια.

629 1081 842 1092 ---..-

312 1243 615 1320 FRAGMENTA
641 1242 799 1319 LIBRIS
826 1243 890 1317 DE
917 1245 1154 1321 MENSIBUS

535 1386 685 1462 FALSO
715 1385 936 1461 TRIBUTA„
1266 1413 1279 1454 ε

174 1504 291 1561 er52

191 1577 272 1632 ΝΜ
307 1546 324 1610 1
350 1553 433 1624 (175).
461 1549 547 1622 Τοὺς
566 1546 730 1630 σκηπτοὺς
744 1542 847 1611 οἱονεὶ
860 1547 1043 1630 κεραυνοὺς
1057 1546 1088 1610 οἱ
1102 1548 1238 1630 φιλόσο-
1252 1557 1339 1612 XYR

228 1657 291 1739 φοί
306 1671 388 1738 φασι
406 1652 575 1738 γενέσθαι,
594 1652 675 1718 όταν
694 1651 785 1737 ῥῆξις
803 1664 916 1736 νεφῶν
930 1650 1076 1737 γένηται·
1098 1660 1156 1736 τῆς
1174 1654 1237 1739 γὰρ

225 1759 467 1847 παρακειμένης
489 1759 603 1837 αὐτοῖς
621 1760 768 1843 γεώδους
786 1759 901 1838 οὐσίας
918 1759 1116 1845 ἑξαφθείσης
1133 1759 1170 1825 τὸ
1189 1757 1239 1838 ἐξ·

226 1863 340 1951 αφθὲν
351 1867 418 1932 ὑπὸ
437 1876 494 1951 τῆς
512 1866 611 1951 ῥιπῆς
629 1864 683 1932 ἐπὶ
700 1868 763 1950 τὴν
782 1875 845 1950 γῆν
862 1868 942 1952 μετὰ
961 1867 1072 1953 ῥοίζου
1094 1865 1238 1953 φέρεται.

226 1972 281 2038 καὶ
301 1973 359 2038 ἐὰν
376 1970 439 2058 μὲν
456 1974 543 2059 ὑγρὰ
563 1974 710 2059 τυγχάνῃ
729 1975 810 2039 όντα
823 1973 864 2038 τδι
881 1972 976 2058 νέφη,
1000 1975 1066 2059 ἅμα
1083 1984 1122 2061 τῆ
1140 1998 1237 2040 κατα·
1251 2000 1277 2041 ιο

226 2087 317 2165 φορᾷ
339 2078 532 2163 σβέννυται,
561 2081 590 2144 ελ
613 2075 650 2144 δὲ
673 2077 890 2165 γεωδέστερα,
915 2083 1103 2166 πυροειδελς
1126 2080 1238 2148 ἐκθλί-

225 2188 352 2269 βονται.
397 2185 460 2250 δύο
485 2181 522 2250 δὲ
545 2185 618 2268 είδη
641 2195 814 2268 κεραυνῶν
832 2179 921 2250 εἷναί
935 2203 1048 2272 φασιν,
1072 2181 1120 2252 ὧν
1137 2187 1155 2252 ὑ
1175 2184 1237 2273 μὲν

226 2291 304 2370 ὀξὺς
325 2290 381 2357 καὶ
404 2292 508 2376 μανὸς
534 2288 589 2356 καὶ
613 2291 776 2377 διάπυρος
798 2289 900 2375 ἀργῆς
922 2291 1127 2377 ὀνομάζεται,
1155 2293 1173 2360 δ
1199 2290 1237 2359 δὲ

225 2399 352 2483 βραδὺς
373 2396 429 2463 καὶ
452 2398 629 2481 καπνῶδης
651 2399 797 2476 ψολόεις·
820 2395 875 2461 καὶ
898 2396 917 2462 δ
939 2394 1001 2482 μὲν
1023 2401 1079 2464 διὰ
1101 2400 1163 2481 τὴν
1185 2405 1237 2464 λε-

224 2507 368 2589 πτότητα
385 2503 441 2569 καὶ
458 2503 540 2590 πρὶν
561 2504 749 2588 ἐκπυρῶσαι
768 2504 949 2588 φερόμενος
967 2510 1090 2589 οίχεται
1108 2506 1165 2570 διὰ
1181 2507 1236 2571 τό·
1250 2533 1276 2574 ιο

224 2633 315 2694 γους,
339 2611 383 2687 ῶς
401 2608 484 2695 μηδὲ
504 2607 675 2694 έπιφλέξαι
693 2633 725 2675 τι
743 2620 812 2676 τῶν
828 2608 1040 2696 ἀραιοτέραν,
1063 2612 1082 2677 δ
1101 2607 1139 2677 δὲ
1156 2615 1236 2699 βρα-

225 2716 363 2802 δύτερος
396 2717 509 2794 ἱκανὸς
537 2712 600 2800 μὲν
627 2716 806 2803 έπιχρῶσαι
839 2716 884 2794 ὡς
914 2715 977 2784 ἀπὸ
1011 2719 1152 2802 αὑδόλης
1180 2717 1236 2785 καὶ

224 2833 344 2889 καῦσαι
367 2821 408 2889 δέ
433 2848 508 2889 τινα
531 2834 599 2889 τῶν
620 2824 872 2908 ὑποπεσόντων,
899 2826 1031 2909 βολβῶν
1050 2824 1105 2891 καὶ
1132 2835 1236 2910 συκῆς

223 2927 277 2994 καὶ
301 2931 415 3014 φώκης
437 2927 492 2995 καὶ
510 2930 630 3014 ὑαίνης
649 2933 819 3015 μενόντων
837 2930 1001 3016 ἀβλαβῶν,
1023 2933 1072 2998 ὧν
1087 2930 1143 2998 καὶ
1161 2944 1233 3009 ταῖς
1247 2960 1273 3000 ιο

223 3037 339 3122 δοραῖς
360 3039 691 3122 περιδιφθεροῦσθαι
713 3039 812 3120 λόγος
834 3039 912 3115 τοὺς
935 3040 1046 3117 ἱστοὺς
1063 3049 1131 3105 τῶν
1148 3049 1234 3105 νεῶν
1247 3050 1305 3105 ΧΥ

294 3211 317 3245 v.
334 3198 350 3245 2
368 3190 503 3263 τιθεμένη
522 3191 611 3262 Cedr.‚
634 3211 702 3248 corr.
723 3192 774 3249 (διε
793 3193 872 3249 Kroll
978 3202 994 3250 6
1013 3197 1077 3258 τοὺς
1095 3197 1234 3265 σκηπτοὺς

222 3280 282 3333 sqq.
293 3264 322 3319 R
334 3263 354 3318 f.
365 3269 423 3319 69'.
443 3263 581 3336 odginem
594 3263 708 3319 duxisse
723 3281 738 3319 e
751 3264 824 3319 libro
838 3264 873 3320 de
887 3265 1004 3321 ostentis
1019 3266 1149 3321 videntur
1161 3283 1233 3337 para

221 3333 494 3424 graphi'ssb-ffl,
513 3333 547 3389 cf.
561 3333 631 3426 Βγτζ
643 3335 749 3390 Ztsohr.
763 3335 790 3390 V
802 3354 829 3418 ρ.
844 3339 923 3461 411ὶΙ
933 3334 976 3392 ότι
997 3338 1063 3400 τοὺς
1079 3338 1233 3419 τεραυνοὺς

221 3424 293 3532 35⁰⁶
307 3407 480 3532 &W
492 3408 656 3533 1ιῖἴέόέῗὺ
666 3405 728 3550 Ιῖοἴ
728 3407 886 3534 Ιιῖῗὺχ
915 3406 1231 3549 daiffssffssffssffiss.

221 3548 250 3603 R
305 3553 338 3602 10
356 3498 857 3620 ὑγΙιότερόΥΙτυγχόυειΙόληθΠΕΙ
873 3547 1032 3605 όνταοωὶε.
1047 3500 1097 3604 1⁷⁷
1132 3557 1163 3604 11
1179 3569 1232 3605 πυ-

221 3619 321 3686 ρώδεις
343 3619 372 3672 Y
424 3625 457 3674 13
477 3617 681 3688 ὀνομαζόμενος
699 3619 787 3691 ἀργὴς
803 3620 832 3675 R
886 3627 919 3673 16
938 3619 1035 3690 φλέξαι
1053 3620 1082 3676 R
1136 3627 1167 3675 17
1188 3621 1232 3675 αλ-

220 3687 313 3745 θόλου
336 3690 366 3743 Y
436 3694 469 3745 18
488 3698 591 3745 καῦσαι
613 3691 685 3760 ΥΒ,
710 3700 797 3746 κῶσαι
815 3691 855 3759 A,
878 3701 1001 3746 κακῶσαι
1019 3692 1048 3745 Β
1073 3693 1078 3761 Ι
1102 3689 1133 3746 δὲ
1151 3691 1229 3747 omis.

221 3760 250 3815 R
321 3765 355 3814 19
374 3762 422 3816 καὶ
441 3759 541 3832 ὑαίνης
560 3760 639 3817 omis,
653 3762 682 3816 B
697 3765 702 3832 Ι
718 3758 759 3818 ὧν
776 3761 843 3831 YR,
861 3762 898 3825 ὡς
911 3762 943 3817 Χ
1012 3769 1046 3817 20
1064 3764 1232 3833 περιδιφθε-
1303 3828 1305 3842 Ι

220 3839 347 3958 ρῆὺνρρννι
350 3831 400 3957 v}
400 3843 455 3889 τῶν
470 3831 683 3901 αότοιιρατόρων
696 3837 788 3888 πλοῖα.
814 3834 868 3887 cet.
883 3832 938 3888 des.
949 3833 977 3889 R
992 3836 997 3905 Ι
1012 3831 1093 3906 λόγος
1106 3833 1229 3907 omile
