3074 4598
406 527 518 583 LIBER
537 525 713 593 QUARTUS.
740 525 937 583 DECEMBER
1108 530 1172 596 175

109 702 234 760 <100⁸th
254 693 327 758 159.
343 690 413 758 Ὅτι
433 693 466 758 οἱ
485 692 627 775 φυσικοί
642 705 722 772 φασι
741 690 818 757 τόδε
839 691 876 756 τὸ
898 699 966 756 πᾶν
982 690 1068 773 ὕλην
1085 691 1206 759 ἄκεά-8

162 799 241 864 δεον
267 800 413 884 πρὸτῆς
440 797 687 879 διακοσμήσεως
713 794 869 877 γενέσθαι
891 795 985 880 ποτέ,
1011 796 1094 862 ὅθεν
1114 797 1169 864 καλ

160 905 222 988 τὴν
244 905 331 990 ὕλην
348 903 467 987 Ἅιδην
494 903 527 966 οἱ
551 903 837 987 φιλοσοφήσαντές
862 922 944 989 φασι
966 901 1021 969 καὶ
1047 904 1170 990 Τάρτα-

161 1035 234 1095 ρον,
257 1012 303 1088 ὡς
325 1006 571 1094 ταραττομένην
593 1003 648 1072 καὶ
670 1005 732 1073 οὐκ
754 1008 941 1095 ἠρεμοῦσαν
962 1011 1043 1076 κατὰ
1065 1011 1169 1096 φύσιν

161 1118 217 1182 διδ
246 1117 284 1182 τὸ
315 1115 468 1180 ἀνείδεον
495 1113 606 1200 αὐτῆς.
651 1115 795 1199 ἄχρονον
822 1112 859 1181 δὲ
885 1115 989 1201 αὐτὴν
1013 1115 1084 1184 ἀλλ’
1107 1117 1168 1183 οὐκ
1194 1143 1209 1186 5

160 1225 318 1307 ἄναρχον,
341 1223 483 1307 γενητὴν
501 1218 540 1288 δέ
564 1221 651 1306 ὅμως
672 1217 727 1285 καὶ
746 1221 904 1305 αἰτιατήν,
927 1221 959 1301 ἐξ
978 1223 1089 1290 ἀϊδίου
1106 1226 1168 1310 τὴν

161 1327 332 1413 ἐνέργειαν
356 1329 460 1396 αὐτοῦ
483 1330 588 1414 <τοῦ>
609 1328 731 1414 πατρὸς
758 1325 995 1413 ἀναμένουσαν,
1022 1331 1059 1396 τὸ
1082 1326 1168 1398 εἶναι

158 1434 243 1513 ὅλως
262 1438 407 1522 ἄχρονον
426 1436 461 1502 ἐκ
479 1445 540 1521 τῆς
558 1435 686 1501 ἐκείνου
704 1436 873 1519 λαβοῦσαν
889 1436 1025 1519 βουλῆς·
1047 1437 1165 1505 ὄθενὸ

157 1544 325 1621 Χαλδαῖος
336 1543 380 1624 λέν
397 1555 467 1622 τοῖς
486 1548 614 1628 λογίοις
631 1551 814 1628 πατρογενῆ
831 1543 892 1627 τὴν
909 1540 994 1626 ὕλην
1007 1541 1166 1627 ὀνομάζει.

156 1648 212 1715 καὶ
243 1653 332 1729 ὅπως
361 1649 590 1737 όἸάμβλιχος
618 1648 654 1714 έν
681 1658 720 1736 τῇ
748 1651 861 1737 πρώτη
883 1660 950 1715 τῶν
971 1650 1167 1716 Χαλδαϊκῶν
1179 1677 1207 1718 ιο

156 1776 249 1843 φησι,
273 1757 413 1824 ἀκοῦσαι
436 1757 545 1838 ἄξιον·
574 1755 701 1824 ’ἀΐδιον
727 1755 789 1842 μέν
815 1756 905 1824 ἐστιν
930 1757 951 1842 ἡ
973 1756 1052 1841 ἄλη,
1079 1755 1165 1823 ἐπεί-

155 1886 217 1950 περ
241 1868 484 1949 συνυφίσταται
511 1866 595 1951 μετά
621 1875 687 1930 τῶν
707 1869 901 1948 πρυτίστων
923 1867 1038 1930 αἰτίαν
1059 1862 1092 1944 ἐξ
1114 1862 1164 1930 ἀϊ-

156 1971 243 2055 δίου,
265 1969 335 2056 μετ’
358 1970 469 2036 αὐτῶν
491 1995 527 2038 τε
550 1969 606 2036 καὶ
629 1973 690 2036 σὺν
713 1969 827 2049 αὐτοῖς
847 1973 913 2057 ἔχει
931 1972 969 2037 τὸ
987 1965 1084 2037 εἶναι·
1107 1971 1164 2037 οὐ·

155 2068 273 2142 δέποτε
297 2072 334 2141 δὲ
357 2075 520 2156 ἐξίσταται
545 2072 603 2160 ἀφ’
627 2073 758 2159 ἑαυτῆς,
785 2076 870 2141 διότι
892 2078 974 2142 κατὰ
995 2077 1056 2161 τὴν
1078 2077 1163 2163 δμώ-

154 2206 263 2267 νυμον
285 2180 341 2248 καὶ
369 2182 499 2249 ἑνιαίαν
522 2182 668 2266 δύναμιν
690 2180 913 2268 ένεστήρικται
934 2195 1003 2260 τοῖς
1025 2195 1162 2262 κοινοῖς·
1176 2209 1203 2251 ιι

153 2289 270 2375 ἀτελὴς
293 2286 332 2356 δὲ
354 2291 416 2356 οᾶκ
440 2289 509 2355 ἐστι
532 2286 589 2354 καὶ
612 2287 802 2374 ἀπέραντος,
824 2289 907 2355 ἀλλὰ
924 2291 1162 2374 μεταλαμβάνει

152 2398 357 2481 τελειότητός
369 2420 471 2480 τινος,
490 2394 606 2479 ἐπειδὴ
624 2390 724 2460 οὐδὲν
742 2392 806 2460 ἀπὸ
824 2404 880 2479 τῆς
897 2405 1054 2482 πατρικῆς
1071 2397 1162 2482 τριά-

153 2503 212 2579 δος
233 2513 400 2588 προχωρεῖ
422 2501 545 2586 ἀτελές,
569 2503 616 2578 εἰς
639 2496 675 2565 δὲ
696 2503 881 2585 τελειότητα
903 2500 958 2568 καὶ
979 2500 1080 2588 πέρας
1103 2501 1157 2568 ἀπ’

152 2608 253 2693 αὐτῆς
285 2608 473 2695 προάγεται.
524 2620 593 2674 τῶν
624 2610 740 2672 τοίνυν
772 2611 940 2692 στοιχείων
972 2606 1056 2672 οὕτω
1088 2606 1157 2694 μετ’

151 2714 257 2799 αὐτὴν
269 2712 512 2801 παραχθέντων
527 2712 780 2799 συγκεχυμένων
797 2710 834 2781 δὲ
847 2715 943 2800 ὅμως,
960 2715 1162 2801 παραλαβὼν
1174 2743 1201 2782 ιο

151 2820 170 2886 ὁ
194 2823 397 2908 δημιουργὸς
418 2831 496 2906 πᾶν,
520 2822 603 2907 ὅπερ
625 2816 667 2905 ἦν
684 2822 825 2887 ἄτακτον
841 2820 982 2906 ἡσυχίαν
999 2820 1060 2888 οὐκ
1078 2823 1162 2906 ἄγον

150 2927 235 2994 ἀλλά
257 2928 458 3012 κινούμενον
479 2933 676 3014 πλημμελῶς
698 2929 746 3005 εἰς
769 2928 861 3008 τάξιν
881 2931 982 3013 ἤγαγε
1001 2929 1083 2995 κατά
1099 2931 1160 2996 τὸν

154 3037 303 3119 Τίμαιον.
346 3034 631 3119 διαστελλομένων
653 3030 689 3100 δὲ
717 3046 785 3100 τῶν
807 3037 990 3120 στοιχείων,
1017 3033 1071 3101 καὶ
1098 3045 1159 3102 τοῦ

148 3136 211 3224 μὲν
233 3141 341 3227 πυρὸς
362 3142 423 3224 τὴν
446 3142 515 3206 ἄνω
540 3142 598 3206 διὰ
620 3142 680 3225 τὴν
697 3141 798 3225 φύσει
817 3143 1003 3227 κουφότητα
1021 3146 1159 3226 φαίνου-

149 3268 215 3329 τος,
248 3254 309 3310 τοῦ
340 3242 377 3312 δὲ
406 3246 529 3325 ὕδατος
559 3248 608 3323 εἰς
636 3248 742 3330 βάθος
772 3246 827 3313 διδ
855 3248 916 3331 τὴν
942 3248 1024 3313 κατὰ
1053 3249 1158 3332 φύσιν
1171 3274 1198 3315 ετ

148 3352 318 3436 βαρύτητα
340 3356 529 3438 πίπτοντος,
553 3353 586 3418 ολ
608 3349 747 3446 μυθικοὶ
770 3353 829 3419 τὸν
845 3354 979 3438 Κρόνον
1000 3377 1158 3440 καταταρ-

147 3467 322 3544 ταροῦσιν,
350 3450 423 3524 οἷον
445 3467 506 3525 τοῦ
529 3459 637 3545 πυρὸς
658 3456 892 3545 ἀνατρέχοντος
914 3459 951 3524 τὸ
973 3458 1064 3545 ὕδωρ
1086 3470 1176 3538 τοῖς·

218 3620 275 3670 τ.9
295 3613 346 3709 ἄρ.
360 3613 440 3669 Kroll
458 3615 494 3669 de
513 3633 552 3670 or.
568 3613 664 3670 chald.
678 3633 706 3686 p.
721 3619 756 3668 20
827 3621 859 3670 23
877 3614 950 3671 Plat.
964 3615 1034 3670 [Hm.
1048 3633 1075 3686 p.
1090 3617 1155 3670 3οΑ

217 3775 241 3812 v.
258 3762 273 3810 ’λ
292 3755 384 3882 (102
399 3754 497 3810 addidi
572 3761 589 3810 8
608 3755 713 3826 ἄχρονα
727 3755 756 3824 S,
771 3772 837 3812 corr.
852 3755 903 3811 (δυ.
917 3755 996 3812 ΚιοΙΙ
1011 3759 1016 3830 Ι
1031 3759 1154 3828 λαβοῦσα

146 3827 175 3897 S,
193 3843 262 3882 corr.
278 3825 330 3882 ἄν.
385 3826 424 3882 oll
497 3833 531 3883 14
550 3825 668 3897 μόνιμον
680 3826 813 3898 proponit
825 3826 875 3883 (λιι.
889 3827 969 3883 Ksoll
1039 3834 1074 3883 24
1091 3827 1154 3900 βαλ-

145 3918 245 3962 νοντος
262 3898 296 3954 οἱ.
317 3897 368 3954 (διε
387 3898 466 3952 Kroll
