3074 4598
245 458 323 516 XXX
651 455 858 514 PRAEFATIO

245 627 310 707 agi:
341 628 418 689 hanc
445 632 549 689 autem
574 628 673 705 ipsam
700 627 822 688 tertiam
846 630 964 706 partem
986 625 1168 687 adverbum
1190 643 1258 686 con·

245 719 357 779 sentire
387 737 461 780 oum,
483 716 628 794 Lydianis
658 717 803 794 excerptis
833 710 875 800 (p
900 712 1048 794 104‚22).
1096 735 1162 775 cum
1187 734 1258 775 vero

246 808 301 868 has
328 811 390 868 tres
416 809 520 885 partes
547 804 585 865 ab
613 806 717 866 eodem
745 809 864 868 anetem
891 806 1072 883 conscriptas
1101 824 1162 866 esse
1190 822 1258 866 con·

244 901 307 958 stet
338 915 372 957 eo
410 895 490 973 quod
521 913 720 972 unaquaeque
751 897 867 974 pariter
901 896 1027 957 excellat
1061 894 1158 954 studio
1188 912 1258 973 geo·

245 987 439 1065 graphorum,
467 1003 568 1044 rerum
588 984 791 1061 Iudaicarum,
819 986 1004 1046 oraculorum
1027 1003 1103 1062 quae
1126 983 1258 1059 Sibyllae

245 1074 364 1136 nomine
396 1073 548 1150 feruntur,
584 1073 750 1135 necessario
782 1073 880 1151 sequi,
913 1077 948 1135 ut
983 1076 1065 1134 totns
1097 1072 1148 1132 ille
1178 1076 1256 1132 trac-

245 1166 329 1223 tatus
359 1161 523 1224 Laurentio
554 1162 639 1240 Lydo
675 1162 834 1224 tribuatur.
886 1161 918 1222 in
954 1181 1045 1240 quam
1081 1160 1258 1222 sententiam

244 1253 316 1311 dum
344 1251 469 1330 pedibus
500 1273 548 1330 eo,
577 1253 724 1312 nonnulla
753 1251 859 1311 addere
890 1250 993 1325 liceat,
1021 1269 1092 1310 nam
1115 1253 1145 1310 et
1165 1251 1257 1311 inter-

244 1340 375 1418 pretatio
397 1341 451 1401 illa
474 1342 603 1403 nominis
625 1341 758 1418 Sibyllae
780 1359 797 1399 e
818 1339 921 1417 lingua
942 1338 1039 1398 latina
1062 1338 1185 1399 deducta
1208 1330 1256 1420 (τὸ

244 1429 379 1509 Σίβυλλα
401 1430 536 1512 ρωμαϊκὴ
560 1427 635 1505 λέξις
665 1427 744 1489 ἐστὶν
770 1423 988 1507 ἕρμηνευομένη
1014 1420 1173 1509 προφῆτις)
1195 1428 1256 1503 Ly·

244 1519 368 1579 dianam
391 1520 494 1579 stilum
505 1519 703 1582 ¹vehementer
725 1517 813 1593 sapit,
836 1519 866 1576 et
886 1534 999 1576 morem
1019 1514 1111 1574 fuisse
1129 1515 1258 1576 auctoris

240 1609 349 1688 nostri,
370 1607 423 1668 ubi
445 1627 539 1668 unum
561 1606 700 1684 attigerit
717 1603 971 1681 numen‚..reliqua
990 1620 1106 1679 quoque
1125 1602 1255 1663 eiusdem

244 1695 373 1757 nominis
387 1714 535 1771 enarrare,
552 1694 634 1753 haud
646 1692 832 1771 ignoramus3
849 1709 874 1750 e.
888 1711 916 1769 g.
935 1689 1068 1751 conferas
1085 1709 1114 1766 p.
1130 1693 1256 1767 121,25,

240 1783 298 1849 ¹ubi
333 1785 370 1843 de
406 1786 522 1858 septem
556 1780 735 1841 Herculibus
771 1778 879 1857 agitur.
931 1779 1120 1838 Iudaicarum
1154 1782 1256 1839 autem

241 1865 344 1931 ¹rerum
366 1870 508 1944 studium,
531 1868 614 1929 cuius
635 1867 766 1946 vestigia
788 1866 905 1944 saepius
930 1867 963 1927 in
984 1867 1041 1928 hoc
1066 1870 1196 1929 ιιιιιιιιι
1219 1868 1255 1930 de

244 1958 368 2036 Sibyllis
400 1960 571 2032 occurrunt,
602 1975 657 2017 nos
687 1976 749 2017 non
780 1956 909 2017 offendet
936 1957 969 2016 in
997 1955 1170 2034 Laurentio,
1202 1958 1256 2035 qui

237 2047 313 2108 aliis
345 2065 464 2125 quoque
496 2046 569 2107 locis
600 2046 677 2106 talia
707 2045 839 2123 exponit3
871 2065 895 2105 e.
922 2065 951 2125 g.
981 2045 1070 2106 adeas
1102 2050 1256 2108 auctorum

244 2137 373 2198 indicem
402 2154 425 2197 ι.
447 2153 476 2195 v.
500 2127 635 2216 Ἑβραῖοι
665 2137 696 2195 et
724 2135 876 2195 nominum
904 2134 1032 2196 indicem
1058 2154 1081 2196 s.
1103 2155 1131 2196 v.
1158 2138 1254 2197 Μωυ-

239 2234 308 2305 σῆς.
352 2243 448 2301 neque
478 2224 612 2283 alienum
640 2227 687 2284 est
713 2241 732 2283 a
756 2222 833 2301 Lydi
860 2223 1047 2302 indulgentia
1074 2223 1108 2283 iu
1136 2225 1253 2304 religio·

243 2334 316 2374 num
338 2311 482 2390 mysteria
509 2330 663 2388 conversa,
696 2313 775 2390 quod
801 2311 992 2390 proferuntur
1017 2313 1150 2386 oracula,
1176 2332 1254 2391 quae

238 2402 362 2480 -Sibylla
390 2401 569 2468 Iudaeorum
600 2401 673 2461 olim
705 2401 842 2477 ediderit,
873 2419 940 2461 cum
967 2401 1000 2460 in
1028 2400 1150 2479 reliquis
1180 2420 1253 2480 quo·

237 2511 302 2568 .que
330 2490 401 2551 libri
430 2490 466 2547 de
495 2488 645 2550 mensibus
674 2489 810 2566 pertibus
840 2490 951 2567 passim
982 2491 1103 2551 oracula
1132 2493 1252 2569 prolata

237 2579 378 2649 ¹invenias
411 2571 453 2659 (v.
477 2577 735 2639 sustinear.
761 2572 912 2661 χρησμός).
969 2582 1100 2641 ceterum
1134 2599 1252 2642 monere

242 2668 342 2745 liceat,
365 2667 519 2728 oraculum
540 2667 625 2743 illud,
648 2667 729 2744 quod
751 2668 786 2727 de
808 2667 967 2728 Antiochia
991 2668 1071 2730 bello
1099 2669 1253 2730 devastata

243 2756 349 2817 datum
383 2754 499 2833 profert
534 2755 732 2830 Laurentius,
766 2755 805 2816 ad
835 2756 953 2816 irritum
988 2758 1069 2816 haud
1101 2758 1252 2819 cecidisse:

238 2849 348 2905 narrat
359 2844 438 2904 enim
454 2843 519 2921 ipse
533 2847 638 2904 auctor
651 2848 754 2904 noster
772 2843 853 2904 urbis
872 2844 953 2905 illius
973 2845 1140 2905 excidium
1131 2866 1162 2905 m
1173 2847 1252 2907 libro

241 2952 332 3010 quem
355 2932 391 2993 de
413 2932 640 3010 magistratibus
662 2932 767 3008 populi
788 2931 915 2992 Romani
936 2934 1110 3009 conseripsit
1131 2934 1252 3007 HL54.

241 3021 321 3090 unde
344 3021 517 3098 concludas,
543 3020 714 3081 interfuisse
737 3020 800 3080 eius
821 3020 976 3080 historiam
996 3020 1078 3080 illius
1100 3022 1251 3099 temporis,

240 3129 303 3188 quo
325 3130 379 3188 per
402 3128 456 3171 ora
484 3111 617 3171 omnium
646 3108 799 3170 oraculum
826 3108 902 3168 illud
928 3110 1070 3170 volitasse
1098 3110 1251 3187 probabile

239 3204 298 3275 est,
319 3200 446 3276 posteris
465 3199 592 3259 madere.
628 3218 703 3257 num
719 3217 798 3273 vero,
823 3215 897 3274 quae
916 3199 951 3256 de
970 3201 1057 3258 antro
1072 3196 1201 3261 Cumano
1221 3204 1252 3260 et

241 3288 279 3348 de
294 3286 391 3364 prro
404 3287 505 3348 maula
519 3288 691 3362 afferuntur,
709 3286 753 3345 ita
771 3305 838 3346 cum
850 3285 978 3347 Maassio
997 3286 1058 3346 sint
1071 3288 1251 3364 explicanda,

240 3381 277 3436 ut
299 3394 450 3436 sumamus
472 3375 591 3452 Lydum
613 3375 791 3451 describere,
809 3393 884 3451 quse
906 3375 969 3453 ipse
992 3374 1112 3451 viderit,
1141 3377 1195 3437 hoo
1217 3377 1250 3437 in

240 3463 340 3524 medio
370 3465 553 3541 relinquam:
590 3482 756 3541 numquam
797 3463 876 3522 enim
910 3465 942 3523 in
977 3464 1043 3539 illo,
1080 3483 1154 3541 quae
1184 3466 1249 3544 ipse

241 3552 390 3613 invenerit
422 3571 557 3630 quaeque
593 3572 629 3613 ex
665 3551 735 3612 aliis
769 3551 967 3628 transtulerit,
1006 3552 1080 3613 satis
1115 3558 1249 3616 accurate

239 3659 376 3711 sciemus.

240 3789 245 3798 ,
310 3727 526 3800 Quaerentibus
556 3733 669 3805 autem,
706 3747 862 3806 quemnam
890 3728 987 3790 locum
1015 3729 1094 3790 inter
1121 3731 1250 3808 reliquos

241 3817 398 3886 Laurentii
428 3817 543 3878 codices
572 3820 696 3901 occupet
723 3816 792 3876 Par.
815 3836 858 3894 gr.
885 3818 964 3893 854,
997 3818 1073 3878 nihil
1102 3819 1249 3882 affirmare
