3074 4598
302 452 351 542 22
687 455 936 512 mmmm

260 627 286 683 X
369 619 399 687 5.
423 624 574 720 Πολλαῑς
597 618 791 704 ὀνομασίαις
812 628 959 689 καλειται
982 594 1144 699 ὁἭλιος·
1264 629 1370 699 R·rH‚4

232 785 236 790 ·
348 761 465 841 Ἥλιος
482 754 584 847 Ὦρος
596 759 726 849 Ὄσιρις
737 762 840 846 ’Ἁναξ
863 767 947 846 Διὸς
969 767 1042 843 υίὸς
1059 763 1229 832 Ἀπόλλων

356 872 452 957 ὡρῶν
474 867 530 934 καὶ
553 880 681 955 καιρῶν
701 875 819 958 ταμίης
842 872 975 958 ἀνέμων
995 896 1030 939 τε
1051 871 1106 939 καὶ
1128 875 1265 959 ὄμβρων

353 977 435 1061 ήοῦς
456 974 512 1040 καὶ
536 977 658 1054 νυκτὸς
678 977 902 1065 πολυαστέρος
923 979 1003 1064 ήυία
1024 981 1140 1046 νεύων.

244 1129 303 1185 XY
366 1120 395 1183 6.
415 1118 449 1183 Ὁ
462 1123 672 1208 Πυθαγόρας
689 1123 751 1206 τήν
768 1121 898 1207 μονάδα
912 1119 1120 1208 Ὑπεριονίδα
1136 1128 1231 1189 καλεῖ
1254 1124 1313 1189 διδ
1332 1137 1349 1185 5

273 1226 339 1292 οτὸ
361 1226 496 1293 πάντων
522 1228 696 1314 ὑπερεῑναι
722 1238 761 1315 τῇ
790 1227 902 1314 οὐσία,
930 1227 1039 1312 ὥσπερ
1066 1226 1122 1293 καλ
1147 1229 1166 1295 ὁ
1193 1231 1313 1314 νοητὸς

291 1331 410 1411 Ἥλιος
436 1330 521 1420 ὑπὲρ
549 1337 590 1401 τά
617 1336 698 1401 ὄντα
726 1337 812 1420 ἔχων
837 1333 875 1398 τὸ
904 1326 990 1398 εἶναι
1008 1331 1234 1421 Ὑπεριονίδης
1259 1335 1312 1402 κέ-

297 1446 422 1526 κληται.
466 1441 669 1530 ἀναφέρεται
699 1436 736 1507 δὲ
757 1439 876 1517 Ἥλιος
906 1440 953 1517 εἰς
982 1439 1110 1524 μονάδα
1138 1442 1183 1517 ὡς
1212 1442 1311 1508 εἰκὼν

299 1546 435 1634 ἐκείνης,
458 1549 521 1614 οὐκ
546 1548 646 1624 αὐτὸς
669 1547 717 1612 ὢν
739 1546 759 1630 ἡ
778 1547 892 1632 μονάς,
916 1544 1001 1612 ἀλλὰ
1018 1545 1083 1631 μήν
1100 1544 1156 1611 καὶ
1174 1546 1311 1632 ἀκάμας,

239 1681 283 1719 Ιιο
297 1656 441 1740 κάματος
469 1657 534 1738 γὰρ
573 1653 611 1718 έν
638 1662 708 1729 τολς
738 1651 928 1729 συνθέτοις·
969 1651 989 1736 ἡ
1019 1648 1057 1717 δὲ
1087 1655 1191 1736 μονάς
1222 1652 1309 1736 διπλῆ

295 1759 352 1826 καὶ
375 1762 491 1846 άρρην,
515 1761 569 1825 ὅτι
591 1760 633 1843 δή
651 1759 858 1842 γονιμωτάτη
880 1754 936 1822 καὶ
959 1769 1026 1824 τῶν
1047 1756 1114 1843 μετ’
1121 1759 1243 1844 καύτήν
1259 1761 1311 1825 αλ-

255 1868 363 1936 Χτία·
385 1864 440 1931 καλ
464 1866 564 1950 ὅπως,
593 1864 744 1930 συνιδεῖν
766 1865 919 1930 εὔκολον·
946 1866 976 1931 εἰ
1003 1866 1066 1951 γάρ
1094 1889 1144 1944 τις
1171 1868 1211 1933 τά
1237 1864 1310 1933 τέσ-

298 1989 382 2061 σαρα
404 1972 459 2039 καὶ
483 1978 590 2039 είκοσι
614 1981 757 2057 στοιχεῖα
776 2009 819 2019 -
838 1972 878 2037 τά
901 1973 1073 2060 γράμματα
1095 1971 1180 2057 λέγω
1205 2012 1243 2022 -
1261 1976 1309 2052 εἰς

296 2078 463 2166 άρνθμοὺς
477 2084 720 2165 συλλογίσεται,
733 2079 866 2165 εὑρήσει
880 2083 1083 2167 τρισχιλίους
1095 2079 1310 2158 ἐννακοσίους

254 2213 281 2253 ιι
296 2186 517 2272 ἐννενήκοντα
549 2187 646 2254 ἐννέα
677 2188 756 2264 τοὺς
785 2188 925 2270 πάντας,
964 2179 1014 2264 οἷς
1044 2187 1308 2273 προστιθεμένης

296 2302 354 2378 τῆς
376 2293 414 2359 έν
436 2292 671 2380 έξάκιςχιλιάδι
693 2294 853 2378 μονάδος,
876 2294 906 2358 εἰ
939 2294 1059 2370 πάντες
1082 2295 1307 2378 συλλογισθή-

296 2417 427 2485 σονται,
464 2398 700 2486 έννακιςχίλιοι
737 2399 924 2466 ἐννακόσιοι
957 2398 1175 2484 ἐννενήκοντα
1209 2397 1307 2465 ἐννέα

295 2505 445 2592 ἀριθμοί,
468 2505 544 2592 μεθ’
570 2506 629 2584 οὓς
652 2501 752 2572 οὐδὲν
774 2507 864 2591 παρὰ
886 2507 948 2589 τήν
967 2506 1096 2592 μονάδα
1114 2510 1306 2585 λελείψεται.

270 2661 275 2674 .
294 2613 377 2678 ὅθεν
399 2615 460 2698 τήν
483 2612 590 2697 αὐτήν
612 2610 717 2697 ἐπέχει
745 2613 899 2698 γραμμήν
926 2612 946 2696 ή
969 2613 1089 2698 μυριὰς
1110 2623 1149 2699 τῇ
1173 2613 1305 2697 μονάδι,

253 2745 280 2785 ιο
293 2718 339 2794 ὡς
361 2718 463 2805 ἀρχῆς
481 2718 584 2803 αὐτῆς
603 2720 669 2803 άμα
686 2717 742 2783 καὶ
759 2716 900 2802 πέρατος
918 2720 1019 2803 οὔσης
1038 2730 1106 2784 τῶν
1123 2717 1306 2803 ἀσωμάτων

294 2822 434 2909 οὐσιῶν,
466 2818 515 2889 ὧν
544 2827 609 2891 εἰσι
638 2812 885 2908 παραδείγματα
915 2825 946 2888 ολ
977 2822 1123 2908 άρνθμοί.
1164 2823 1305 2910 Ὀρφεὺς

364 3020 379 3080 ξ
402 3021 418 3069 5
442 3013 474 3072 G.
494 3014 587 3071 Wolff
611 3013 759 3084 Porphyrii
784 3014 819 3068 de
841 3011 1021 3084 philosophia
1039 3031 1072 3070 ex
1090 3013 1210 3069 oraculis
1233 3015 1303 3069 hau-

293 3082 393 3140 rienda
410 3086 549 3142 librorum
562 3085 697 3159 reliquiae
714 3105 743 3157 p.
758 3091 809 3140 127
868 3103 892 3139 v.
908 3091 940 3138 21
960 3085 1031 3139 Abel
1044 3085 1135 3157 Frgm.
1151 3085 1234 3156 Orph.
1251 3092 1303 3141 144

364 3263 514 3328 §fideest
537 3264 566 3319 Y
651 3281 675 3317 v.
690 3267 708 3316 4
725 3263 822 3319 νεύων.
851 3259 979 3319 ἀπόλλων
997 3261 1028 3318 δὲ
1047 3262 1153 3333 εἴρηται
1175 3263 1252 3333 παρὰ
1269 3264 1302 3319 τὸ

293 3331 412 3389 ἄπωθεν
434 3333 559 3405 (ἄποθεν
577 3335 616 3404 A)
634 3330 707 3389 εἶναι
728 3344 784 3390 τῶν
807 3337 915 3388 πολλῶν
932 3335 965 3389 X
1069 3333 1119 3389 ὀδ
1138 3334 1180 3403 Χ,
1205 3336 1254 3390 καλ
1277 3335 1307 3390 Υ

293 3403 477 3473 ὑπεριονίδαο
503 3405 531 3459 Α
611 3411 626 3460 6
654 3404 743 3474 ὥσπερ
767 3405 810 3473 Χ,
838 3406 875 3468 ὡς
902 3405 931 3458 Υ
1039 3411 1054 3460 7
1077 3405 1158 3478 ἔων]
1187 3405 1246 3476 ἔσχε
1272 3407 1302 3461 Β

293 3473 502 3546 θάναφέρεται
516 3508 551 3518 ·—
567 3483 583 3531 9
602 3475 691 3546 μονάς
705 3475 806 3531 desunt
823 3476 853 3530 Y
931 3482 963 3530 11
983 3475 1031 3548 δὴ]
1045 3474 1076 3530 δὲ
1202 3483 1234 3531 12
1253 3480 1302 3532 κοιλ
1333 3486 1337 3492 ’

294 3542 368 3609 ὅπως
377 3578 412 3588 -
420 3566 447 3618 p.
458 3552 525 3615 23,ss
540 3546 618 3617 μένει
631 3547 733 3602 desunt
746 3547 777 3602 Y
837 3552 870 3601 14
884 3544 1072 3618 συλλογίσηται
1083 3547 1110 3602 Β
1168 3554 1201 3602 16
1215 3566 1300 3617 προσ·

291 3613 418 3687 τιθελσης
431 3620 463 3687 (1)
478 3619 514 3686 A,
534 3614 818 3687 προστιθεμένηςάι
836 3617 866 3671 in
883 3633 972 3689 marg.
1060 3624 1092 3672 15
1112 3635 1152 3688 sq.
1170 3627 1220 3690 της
1238 3619 1300 3684 ἐξα·
1336 3649 1339 3654 -

292 3687 428 3759 κισχιλίας
445 3689 571 3759 μονάδος
583 3691 629 3767 ‚B‚
652 3698 700 3759 τῆς
722 3685 1057 3759 ἕνεξαμισχιλίδιμονάδος
1073 3690 1113 3758 A,
1136 3711 1211 3745 -ακι-
1231 3707 1300 3745 corr.

291 3758 320 3811 A
330 3775 350 3827 2,
370 3775 422 3831 ego
440 3760 591 3834 χιλκά>δι
608 3759 745 3830 temptavi
849 3764 882 3814 18
901 3762 1029 3829 μοναδαν
1045 3761 1073 3815 A
1088 3765 1094 3830 Ι
1109 3760 1255 3830 λελήψεται
1270 3763 1302 3817 X

239 3882 241 3887 ,
292 3834 326 3883 19
343 3850 393 3900 της
410 3831 514 3901 μονάδι
532 3833 560 3886 A
632 3836 666 3885 20
684 3830 740 3900 ἅμα
759 3830 838 3888 omis.
856 3831 885 3886 B
