3074 4598
248 437 362 496 LXXVI
654 438 858 498 passiano

247 609 327 671 unda
354 627 425 670 varo
452 609 550 686 petita
579 609 651 685 sint,
682 611 764 672 haud
792 613 865 688 σῶος
898 612 1005 674 addara
1031 615 1132 673 tamen
1161 611 1266 688 liceat,

250 698 381 760 eiusdem
410 698 592 759 falsarii-
618 699 663 758 ita
692 700 772 761 enim
800 722 867 762 oum
897 702 1108 781 appellandum
1136 720 1200 762 assa
1229 701 1266 760 in

248 789 409 867 propatulo
432 789 478 847 ost
500 818 543 829 —
567 789 711 866 sequioris
734 792 842 852 aetatis
869 792 930 851 alia
953 811 1069 869 quoquo
1091 792 1267 872 fragmenta

249 877 335 940 nobis
359 895 421 938 essa
443 874 564 936 tradita
610 880 702 955 atqua
725 879 800 939 illud
823 881 944 958 quidem
964 880 1043 958 quod
1059 881 1093 941 in
1111 881 1219 942 oodiois
1239 879 1261 940 S

248 967 328 1029 notis
347 964 561 1044 marginalibus
581 969 717 1044 ooounit,
739 988 828 1046 supra
849 990 879 1047 p.
897 968 966 1030 XLI
987 971 1124 1045 tractavi,
1146 971 1267 1030 accedit

250 1058 352 1115 autem
373 1053 472 1115 brevis
501 1055 648 1133 quaedam
675 1056 844 1118 dissertatio
872 1057 971 1118 codice
993 1059 1129 1120 Parisino
1152 1076 1261 1138 graeco

250 1145 335 1204 2509
361 1162 383 1204 s.
401 1142 457 1204 XV
480 1147 612 1221 servata,
640 1164 731 1222 quam
756 1147 812 1206 hoo
838 1146 904 1207 looo
931 1148 1044 1224 publici
1065 1148 1138 1208 iuris
1161 1148 1260 1208 fauere

248 1231 352 1310 licoat,
379 1235 452 1311 quia
475 1233 672 1314 demonstrari
700 1252 735 1294 aa
757 1235 887 1312 videtur,
915 1239 1038 1295 exeunte
1063 1236 1162 1296 medio
1186 1255 1264 1296 aevo

248 1320 340 1384 fuisso
368 1323 512 1402 aliquam,
541 1324 592 1401 qui
614 1323 692 1400 Lydi
715 1324 825 1384 auxilio
851 1323 934 1383 haud
957 1327 1056 1400 spreto
1080 1325 1200 1385 fabulas
1223 1325 1261 1384 de

248 1408 453 1474 Romanorum
476 1433 554 1474 auno
577 1413 699 1489 eiusque
721 1412 889 1473 nominibus
912 1414 1121 1489 composuerit:

316 1518 393 1581 Par.
417 1540 465 1599 gr.
487 1521 572 1580 2509
597 1519 715 1578 {171²
740 1517 806 1599 περὶ
833 1525 936 1597 μιγνῶν
963 1515 1012 1577 καί
1034 1516 1130 1578 πόθεν
1153 1516 1265 1598 ἔλαβον

247 1605 303 1686 τὴν
316 1613 518 1776 §afflictatum
540 1702 630 1756 τινῶν
653 1692 818 1774 σύγκεινται
840 1694 872 1755 oi
892 1701 994 1772 μῆνες·
1020 1691 1051 1754 ἐκ
1073 1698 1156 1755 θεῶν
1178 1691 1260 1774 ἑλλη-

245 1801 322 1863 νίων
344 1803 376 1883 β
404 1800 541 1882 Μόρτιος
563 1796 583 1880 ή
603 1792 747 1880 Ἄρεῖκός,
774 1797 814 1874 ὡς
836 1797 893 1862 ύττδ
916 1809 968 1861 τοῦ
984 1795 1107 1882 Ἄρεως,
1133 1799 1184 1862 καί
1203 1795 1261 1862 Ἰα-

249 1890 388 1970 νονύριος
412 1887 451 1964 ὡς
475 1883 532 1972 (ὡς
553 1890 599 1951 bis
622 1890 766 1966 sumptum
787 1890 819 1949 in
837 1881 915 1973 aod.)
938 1887 996 1952 ἀπὸ
1015 1899 1067 1953 τού
1082 1883 1181 1952 Ἰανοῦ
1199 1883 1262 1974 (iv-

247 1999 305 2042 νου
328 1971 406 2063 uod.)
433 1988 486 2040 τοῦ
513 1977 563 2040 καὶ
584 1976 705 2060 Κρόνον
733 1974 854 2060 (κρόκου
877 1971 969 2063 σού),
996 1977 1028 2054 ὃς
1054 1984 1182 2042 καλεῖται
1208 1977 1261 2040 καί

247 2068 378 2150 Κρόνιος
403 2064 424 2148 ή
452 2066 568 2150 χρόνιος
594 2066 644 2128 καί
670 2072 810 2149 θυραῖος·
837 2060 877 2130 δι’
899 2067 990 2131 αὐτοῦ
1016 2067 1072 2151 γὰρ
1098 2067 1172 2130 κατδι
1191 2061 1260 2130 ‘Pto-

249 2159 356 2236 μαίους
378 2150 532 2239 (όωμαίων
555 2150 632 2240 οοδ.)
656 2155 752 2235 ὥσπερ
775 2155 833 2218 ἀπὸ
855 2157 953 2238 θύρας
975 2155 1130 2238 εἰσέρχεται
1152 2154 1168 2218 ό
1190 2157 1261 2239 χρύ-

246 2285 309 2339 νος.
355 2261 387 2326 ἐκ
415 2261 559 2347 βασιλέων
585 2265 617 2372 ρδ·
647 2255 769 2337 Ἰούλιος
797 2261 847 2324 καὶ
872 2260 1055 2344 Αύγουστος·
1087 2261 1197 2344 λέγεται
1226 2260 1262 2324 δὲ

246 2351 321 2415 κατὰ
349 2346 508 2432 Ῥωμαίους
541 2350 557 2414 ό
591 2353 707 2426 Ἰούλιος
736 2352 895 2426 Κυντίλιος
926 2348 1095 2431 (κεντίλλιος
1127 2345 1206 2434 aod.)
1237 2349 1261 2431 λς

246 2439 378 2521 ιιίμιττος
400 2439 458 2503 &ab
481 2443 636 2522 Μαρτίου,
664 2438 680 2502 δ
704 2435 736 2501 δὲ
758 2438 930 2523 Αὔγουστος
952 2440 1099 2516 Σεξτίλιος
1122 2438 1143 2520 ή
1167 2438 1258 2514 ἕκτος.

247 2544 306 2612 ἀπὸ
330 2546 467 2628 ἀριθμῶν
485 2547 504 2608 δ
509 2563 515 2577 ·
538 2544 738 2628 Σεπτίμβριος
761 2544 886 2628 ἕβδομος
904 2546 994 2609 οίονελ
1011 2545 1172 2628 ἕπτίβριος,
1191 2540 1259 2609 Ὀκ-

249 2636 373 2719 τύβριος
395 2633 415 2716 ή
439 2633 553 2717 ὄγδοος,
577 2633 746 2716 Νοέμβριος
767 2632 787 2714 ή
809 2634 941 2715 ἔννατος,
964 2633 1145 2717 Δεκέμβριος
1167 2632 1187 2715 ή
1210 2633 1259 2698 δί-

248 2747 345 2799 κατος.
377 2723 426 2786 καί
441 2723 574 2806 τέσσαρες
587 2721 644 2786 ἀπὸ
661 2721 824 2804 ἐνεργειῶν·
845 2719 991 2805 Ἀπρίλιος
1009 2722 1156 2786 τουτέστιν
1174 2723 1259 2786 ἀνοι-

248 2813 381 2893 κτήριος,
419 2813 524 2884 Μόῖος
559 2809 579 2890 ή
615 2809 716 2893 μέγας·
753 2810 786 2873 ἕν
820 2812 899 2895 αύτῷ
935 2811 990 2892 γὰρ
1026 2813 1058 2873 oi
1090 2824 1260 2894 μεγιστᾶνοι

248 2893 432 2983 (μεγιστάναι
454 2898 531 2979 οοδ.)
554 2898 606 2972 τδις
627 2897 728 2980 ἑορτὰς
750 2897 908 2973 ἔξετέλονν·
928 2893 1051 2974 Ἰούνιος
1072 2898 1092 2981 ἢ
1115 2898 1183 2973 νίος
1206 2901 1257 2962 διὰ

246 2988 280 3051 τὸ
304 2987 372 3051 νόον
395 2985 485 3070 θέρος
507 2984 527 3067 ἢ
551 2985 595 3050 ότι
617 2985 649 3047 ἐν
672 2985 751 3071 αύτῷ
774 2987 805 3048 οί
824 2986 886 3049 νέοι
907 2985 1054 3061 ίξετίλουν
1071 2987 1124 3063 τὰς
1141 2987 1257 3070 ἕορτύς·

245 3077 297 3140 καί
321 3077 536 3160 Φινρουόριος·
568 3073 585 3138 δ
612 3075 700 3156 δηλοῖ
722 3075 755 3137 τὸ
781 3076 958 3156 καθάρσιον·
988 3075 1021 3139 ἒν
1047 3076 1127 3162 αύτῷ
1149 3076 1205 3160 γὰρ
1228 3078 1262 3141 οἱ

247 3164 399 3246 μέλλοντες
432 3164 629 3246 ἐκστρατεύειν
663 3164 766 3226 ίττινον
802 3166 951 3247 καθάρσια
986 3168 1259 3248 ττροευτρεττίζοντες

245 3253 380 3329 ἑαυτούς.

314 3342 381 3425 τιερδ
401 3343 569 3406 Καλανδῶν
591 3341 641 3405 καὶ
663 3342 781 3404 Νωνῶν
802 3340 852 3404 καί
874 3342 1001 3405 Εἰδῶν,

316 3431 483 3514 ἐπειδήπερ,
506 3429 547 3507 ὧς
569 3431 699 3510 εἴπομεν,
721 3429 754 3492 ἕκ
771 3431 917 3513 τεσσάρων
936 3440 1025 3493 τινῶν
1042 3429 1096 3510 τήν
1114 3429 1257 3514 ἀφορμήν

246 3531 300 3601 τῆς
322 3520 451 3600 κλήσεως
473 3519 559 3601 ἔσχον
582 3520 614 3582 oi
633 3528 735 3601 μῆνες,
759 3519 790 3582 ἐκ
813 3525 904 3600 θεῶν,
930 3518 963 3581 tu
984 3517 1142 3603 βασιλέων,
1169 3519 1256 3602 όριθ·

247 3618 312 3689 μῶν
335 3608 385 3671 καί
408 3607 571 3691 ἐνεργειῶν,
594 3609 792 3691 διεμερίσαντο
815 3609 846 3670 οί
865 3608 982 3670 ιταλαιολ
1005 3608 1055 3670 καὶ
1076 3607 1128 3682 τὰς
1145 3606 1257 3690 ἡμέρας

245 3715 371 3780 ἕκαστον
395 3715 488 3796 μηνός
509 3716 552 3790 είς
574 3716 648 3795 τρία,
670 3712 721 3776 καί
742 3714 881 3777 ἐκάλεσαν
898 3713 949 3788 τὰς
967 3712 1020 3794 μὲν
1038 3717 1069 3797 ιβ
1085 3715 1256 3795 Καλύνδας,

245 3804 299 3879 τὰς
323 3803 354 3867 δὲ
378 3804 527 3885 ῑΝύνας,
550 3804 600 3879 τὰς
623 3801 654 3866 δὲ
674 3802 781 3885 ἐφεξῆς
798 3802 918 3878 Εἰδοῦς.
955 3801 1138 3885 ὡρμήθησαν
1161 3801 1192 3866 δὲ
1213 3805 1257 3880 εἰς
