3074 4598
254 478 396 536 XXXVIII
662 467 866 525 PRAEFATIO

254 645 487 729 παρατετήρηται
514 685 552 700 ..
583 681 590 697 .
620 633 693 717 πρὸς
722 634 838 708 τούτοις
869 633 919 696 καὶ
948 635 1016 718 περὶ
1048 637 1193 722 διαφορᾶς
1224 636 1266 701 ἔτι

255 734 397 819 πρότερον
414 733 570 807 ἐνιαυτῶν,
593 723 712 786 αἰώνων
734 743 764 783 τε
781 720 832 783 καὶ
844 721 957 804 χρόνων
970 723 1020 786 καὶ
1034 722 1124 808 ἀρχῆς
1137 727 1265 811 ἡμερῶν,

255 825 356 887 omnia
378 823 448 884 sunt
475 815 650 893 explanata:
679 811 740 871 iam
769 809 849 871 enim
877 811 931 872 iila
959 813 1004 873 ita
1033 814 1178 893 disposita
1200 838 1264 879 esse

255 913 395 992 apparet,
424 909 460 967 ut
488 903 619 982 primum
647 899 825 960 Laurentius
854 899 1032 977 polliceatur
1054 922 1104 980 ea,
1134 925 1209 982 quae
1231 907 1265 967 in

253 1002 331 1063 libro
354 998 461 1075 quarto
485 993 526 1052 sit
548 989 735 1066 expositurus
757 987 794 1048 de
816 989 961 1048 mensium
983 991 1151 1054 nominibus
1174 998 1205 1055 et
1227 995 1263 1056 de

253 1089 345 1164 feriis,
363 1101 437 1161 quas
452 1083 569 1141 veteres
587 1075 715 1137 Romarii
732 1075 857 1155 singuiis
875 1078 1024 1139 mensibus
1041 1080 1264 1159 celebraverint,

253 1174 358 1237 deinde
380 1172 417 1231 de
440 1187 519 1229 anno
543 1185 618 1228 aevo
641 1168 786 1242 tempore,
814 1183 889 1241 quae
918 1167 950 1226 in
976 1167 1053 1229 libro
1080 1171 1169 1231 tertio
1192 1173 1263 1232 dum

247 1265 369 1341 integer
389 1259 449 1319 fuit
471 1257 551 1317 lecta
573 1254 665 1314 fuisse
687 1252 893 1313 demonstrant
912 1253 959 1314 m
982 1253 1001 1331 ξ
1025 1258 1055 1316 4.
1070 1259 1098 1318 5.
1114 1261 1168 1333 15;
1197 1263 1263 1320 tum

252 1352 288 1412 de
315 1349 402 1410 initio
432 1346 505 1420 diei,
540 1361 631 1421 quam
664 1341 821 1402 materiam
849 1342 925 1404 libro
955 1343 1043 1404 alteri
1072 1348 1204 1424 seposuit
1232 1353 1263 1409 et

252 1436 443 1515 subsequenti
466 1431 571 1495 statim
593 1432 781 1510 paragrapho
805 1423 905 1514 (lli)
926 1431 1060 1509 pluribus
1089 1435 1261 1498 illustravit.

251 1547 347 1606 neque
381 1542 453 1586 vero
488 1520 637 1581 mensium
672 1520 757 1580 illum
793 1521 963 1600 catalogum
999 1519 1039 1581 ad
1078 1523 1262 1602 singularum

251 1617 407 1678 nationum
429 1609 649 1689 appellationes
672 1608 849 1686 dispositum
877 1607 918 1687 (p.
942 1611 1047 1684 59‚20
1069 1603 1149 1693 sqq.)
1174 1613 1260 1690 Lydo

251 1705 395 1781 abrogare
417 1716 585 1779 possumus,
609 1697 660 1774 qui
681 1697 774 1758 talem
797 1697 945 1775 quendam
967 1700 1002 1758 ut
1023 1698 1055 1758 in
1076 1699 1185 1760 librum
1208 1701 1260 1778 qui

251 1794 287 1853 de
309 1789 458 1851 mensibus
488 1786 599 1866 agebat
626 1786 785 1864 reciperet,
813 1787 989 1848 necessitate
1018 1805 1112 1865 paene
1140 1792 1261 1851 coactus

250 1872 347 1940 erat:²
391 1895 482 1954 quare
519 1875 607 1935 illum
643 1895 759 1953 quoque
790 1875 823 1936 in
855 1875 1013 1938 editionem
1048 1878 1154 1956 recepi.
1200 1898 1259 1958 quo

249 1969 363 2029 factum
385 1967 444 2041 est,
470 1966 506 2024 ut
528 1963 679 2044 integrum
700 1965 786 2025 ilium
808 1967 972 2027 tractatum
994 1967 1103 2028 codicis
1120 1967 1159 2044 H,
1181 1971 1258 2030 tarn·

250 2076 341 2136 quam
363 2075 379 2116 e
401 2053 565 2115 Laurentio
589 2053 654 2116 solo
676 2054 868 2132 depromptus
890 2056 943 2132 sit,
968 2055 1001 2115 in
1028 2056 1187 2118 editionem
1213 2078 1258 2118 re-

249 2147 346 2207 latum
378 2143 523 2205 invenias.
578 2142 660 2220 quod
691 2162 761 2203 vero
796 2143 929 2205 ordinem
960 2145 1144 2223 singulorum
1177 2147 1258 2227 frag-

249 2235 416 2297 mentorum
439 2231 533 2292 alium
556 2249 620 2292 esse
642 2232 674 2292 in
696 2232 796 2293 codice
814 2233 845 2293 H
862 2234 952 2310 atque
969 2233 1001 2293 in
1019 2233 1142 2311 reliquis
1160 2236 1258 2313 operis

248 2321 315 2406 περὶ
337 2329 440 2402 μηνῶν
461 2319 683 2381 reoensionibus
705 2321 957 2397 animadvertisti,
979 2341 995 2382 e
1018 2323 1141 2382 consilio
1163 2323 1257 2401 ipsius

248 2411 363 2474 librarii
395 2409 574 2487 explicatur,
607 2410 658 2486 qui
688 2409 720 2469 in
751 2410 870 2489 singola
896 2410 996 2487 capita
1021 2409 1089 2492 περὶ
1112 2410 1257 2494 διαφορᾶς

246 2498 391 2562 ἐνιαυτῶν
397 2543 408 2577 ,
428 2496 496 2579 περὶ
517 2496 688 2577 καλανδῶν,
709 2496 776 2579 περὶ
799 2494 910 2580 ἡμέρας
929 2499 1066 2560 distinxit
1086 2501 1255 2562 materiam·

248 2609 306 2667 que
325 2588 485 2649 secundum
503 2587 605 2663 capita
623 2587 667 2648 ita
685 2587 827 2648 distincta
840 2588 969 2666 digessit
1006 2608 1102 2666 neque
1115 2609 1185 2651 vero
1199 2591 1256 2651 dii-

246 2678 325 2739 ficile
344 2679 417 2752 erat,
435 2675 571 2736 ordinem
589 2675 628 2735 ad
646 2676 778 2737 codicum
791 2677 851 2736 XY
868 2676 956 2738 fidem
968 2677 1133 2738 restituere.
1161 2678 1256 2757 ipsius

245 2766 401 2826 Laurentii
431 2782 562 2842 quonam
592 2764 691 2825 codice
719 2783 790 2825 usus
819 2766 860 2826 sit
886 2767 1066 2844 epitomator
1091 2766 1199 2828 codicis
1224 2768 1257 2828 H

245 2873 341 2933 aeque
364 2857 454 2930 atque
476 2854 508 2913 in
530 2850 667 2913 Parisino
690 2853 786 2914 dicere
808 2854 896 2914 hodie
922 2855 983 2914 iam
1010 2874 1070 2914 non
1087 2874 1255 2932 possumus3

244 2943 302 3005 boc
330 2943 426 3003 solum
455 2942 618 3017 constabit,
646 2942 839 3020 integriorem
865 2962 933 3002 eum
961 2942 1052 3002 fuisse
1076 2962 1165 3020 quam
1186 2944 1256 3004 illos

245 3051 321 3108 quos
343 3051 433 3109 supra
456 3030 750 3092 commemoravimus
769 3029 914 3108 excerptis
931 3032 1079 3093 confertos
1097 3034 1128 3092 et
1145 3032 1253 3094 codicis

245 3121 273 3181 R
295 3121 415 3181 similes.

313 3245 471 3305 Tractatus
507 3247 609 3305 autem
645 3244 725 3305 illius
763 3243 963 3318 astronomici,
1002 3263 1089 3321 quem
1124 3245 1255 3306 servavit

243 3333 337 3394 codex
349 3334 387 3408 H,
404 3353 498 3393 unum
514 3334 611 3394 solum
624 3365 666 3376 -
682 3332 760 3410 quod
779 3332 899 3410 quidem
915 3331 1033 3395 videam
1044 3364 1083 3374 -
1094 3333 1254 3412 vestigium

244 3425 365 3499 praeter
385 3422 485 3499 ipsum
508 3424 555 3482 est
580 3420 716 3483 relicum:
751 3424 886 3482 tenemus
909 3421 986 3482 enim
1009 3419 1117 3483 codicis
1138 3421 1253 3483 Hamil·

320 3699 330 3731 ¹
347 3698 382 3754 de
399 3697 540 3754 mensium
558 3695 696 3768 catalogis
719 3696 972 3767 aByzantinorum
992 3696 1060 3752 viris
1079 3696 1168 3752 doctis
1187 3714 1253 3754 con·

244 3768 326 3824 fectis
353 3769 419 3824 ride
445 3785 520 3824 nunc
547 3768 579 3824 L.
599 3766 694 3833 volte,
723 3767 936 3839 Bemerlrungen
962 3785 996 3823 au
1022 3766 1253 3838 byzantinischen

244 3837 451 3908 Monatelirten,
468 3838 534 3910 Byr.
555 3837 662 3896 Ztecbr.
675 3837 727 3893 VII
746 3843 815 3894 1898
832 3856 860 3910 p.
875 3844 996 3910 ocrsqq.
1048 3913 1051 3919 -
