3074 4598
280 430 344 496 112
536 427 647 483 LIBER
665 425 842 492 QUARTUS.
871 427 1031 484 MARTIUS

185 602 265 658 Hs
280 591 336 659 καὶ
353 598 548 677 γλαυκῶπιν
566 587 672 671 αὐτὴν
686 589 707 653 δ
709 590 743 654 ιδι
755 591 793 655 τὸ
807 593 960 677 πυρῶδες
972 591 1141 678 γράφουσι
1155 592 1214 660 καί
1230 605 1363 666 ΒτΠΙεο

277 704 406 783 γλαῦκα
429 697 512 782 αὐτῇ
535 696 571 761 τὸ
596 695 717 778 ὄρνεον
739 701 1002 783 προσνέμουσιν,
1029 697 1109 783 ὅπερ
1134 694 1306 787 ἐγρήγορε

242 807 333 872 σδιά
354 806 462 887 πάσης
484 811 542 884 τῆς
564 803 698 884 νυκτός,
721 803 766 879 άος
787 805 833 872 ,άν
853 829 904 881 τις
926 811 1024 890 είποι,
1050 805 1071 889 ἡ
1093 803 1303 894 ἀνθρωπίνη

274 913 366 996 ψυχὴ
388 908 473 974 κατὰ
495 905 621 990 μηδένα
643 908 763 991 καιρὸν
783 909 946 993 ἀργοῦσα·
968 910 1022 986 καὶ
1040 913 1104 998 γδιρ
1123 910 1301 992 ἀθάνατος

182 1026 262 1083 st
276 1014 332 1090 καί
355 1015 542 1096 ἀεικίνητος
564 1013 626 1096 τὴν
653 1012 771 1097 φύσιν·
798 1014 836 1077 τὸ
860 1017 924 1101 γάρ
946 1024 1078 1085 παῦλαν
1099 1021 1179 1103 ἕχον
1200 1023 1299 1105 mm}

249 1139 358 1196 οσεως
380 1124 515 1184 παῦλαν
536 1121 602 1203 ἔχει
623 1122 708 1202 ζωῆς
730 1120 813 1184 κατά
835 1122 1008 1188 Πλάτωνα.

240 1238 259 1293 S
341 1224 393 1291 55.
408 1223 572 1293 Ὅτικατδι
585 1225 647 1310 τὴν
660 1225 724 1310 πρὸ
736 1227 1029 1312 τεσσαρεσκαίδεκα
1042 1235 1215 1300 καλενδῶν
1223 1243 1353 1301 deesth

268 1331 452 1420 Ἀπριλίων
474 1336 554 1411 ἔθος
575 1329 618 1418 ἦν
641 1334 719 1410 τοὺς
741 1334 891 1410 Σαλίους
914 1331 1136 1402 ἀποτίθεσθαι
1157 1341 1199 1405 τὰ
1222 1343 1295 1408 διο

270 1449 354 1526 -πετῆ
379 1440 480 1525 ὅπλα,
507 1441 605 1506 άτινα
628 1439 770 1506 ἐκάλουν
793 1439 940 1523 άγκίλια,
967 1439 1025 1518 οὓς
1051 1441 1249 1528 κατέστησεν
1269 1448 1293 1514 δ

229 1574 261 1615 ,ιο
274 1553 424 1633 Νουμᾶς.
469 1556 572 1613 ταῦτα
595 1543 633 1611 δί
658 1546 705 1622 εἰς
727 1548 827 1631 τιμὴν
843 1546 961 1632 ’Ἀρεος
981 1551 1162 1632 πολεμικοῦ
1183 1551 1292 1636 οἰώθη

272 1660 444 1721 κινεῖσθαι
467 1653 504 1719 έν
526 1653 634 1739 ἐκείνη
658 1661 698 1738 τῇ
720 1651 836 1741 ἡμέρᾳ,
860 1652 897 1719 έν
919 1645 941 1740 ᾖ
962 1652 1090 1737 λέγεται
1111 1656 1231 1740 φωνὴν
1253 1655 1291 1724 ἐκ

272 1769 334 1827 τοῦ
357 1759 506 1845 οὐρανοῦ
529 1759 738 1842 ἀκουσθῆναι
756 1757 932 1844 λέγουσαν,
954 1759 1015 1839 ἕως
1031 1762 1106 1832 τότε
1124 1762 1290 1842 σώζεσθαι

270 1867 334 1951 τὴν
356 1868 468 1950 πόλιν,
491 1863 552 1943 ἕως
571 1865 617 1932 δυ
641 1866 780 1950 σώζηται
802 1868 843 1932 τά
866 1867 1005 1950 ἀγκίλια

231 1983 257 2037 Y
338 1971 391 2038 56.
402 1970 474 2039 Ὅτι
486 1971 541 2039 καὶ
556 1973 594 2040 έν
602 1973 707 2060 Ῥώμη
716 1975 775 2052 τάς
788 1986 857 2041 τῶν
864 1981 1010 2042 πολιτῶν
1018 1975 1208 2063 ἁμαρτάδας
1216 1988 1343 2046 ΒιΠΙσι

227 2104 259 2147 ,τε
274 2078 327 2146 ἐπὶ
356 2079 491 2165 ἁμαξῶν
519 2080 689 2161 διέπαιζον
714 2079 770 2147 καὶ
800 2083 1033 2161 λανθανούσας
1057 2083 1176 2169 ἐξῆγον
1203 2087 1288 2152 κατά

270 2189 333 2272 τὴν
348 2185 539 2272 Ἀθηναίων
562 2192 758 2273 συνήθειαν,
781 2192 817 2255 οἳ
836 2201 907 2266 τοῖς
929 2190 1176 2276 ἁμαρτάνουσιν
1194 2191 1288 2274 ηπεί

270 2299 356 2361 λουν
378 2292 490 2377 λέγειν
511 2296 552 2360 τά
574 2293 607 2374 ἐξ
631 2294 762 2380 ἁμάξης.

230 2411 256 2466 X
337 2400 390 2466 57.
410 2402 485 2488 Πρὸ
500 2403 749 2487 δεκατεσσάρων
762 2403 946 2468 Καλενδων
958 2400 1137 2488 Ἀπριλίων
1151 2401 1247 2489 ἑορτὴ
1257 2414 1299 2470 IV
1306 2423 1342 2472 40

269 2509 360 2593 παρά
373 2507 543 2593 Ῥωμαίοις
564 2507 732 2594 τιμωμένη
756 2508 817 2594 οὐχ
836 2510 881 2586 ὡς
893 2507 1049 2594 Ῥωμαλκὴ
1069 2508 1142 2575 ἀλλ’
1166 2511 1210 2587 ὡς
1227 2534 1286 2595 με-

229 2618 388 2698 ιογίστην
414 2612 491 2699 παρ’
514 2617 712 2697 Αἰγυπτίοις
739 2617 861 2699 ἔχουσα
888 2617 986 2700 τιμην
1012 2613 1055 2681 δι’
1079 2618 1189 2692 αἰτίαν
1215 2641 1285 2683 τοι.-
1314 2610 1318 2616 ’

266 2722 388 2804 αὐτην·
413 2729 474 2785 τοῦ
497 2723 626 2785 Νείλου
648 2720 709 2803 τὴν
732 2719 865 2803 ἐτήσιον
888 2719 1038 2787 ἐπίδοσιν
1059 2734 1127 2787 τῶν
1149 2723 1285 2788 ὑδάτων

269 2825 481 2911 ἀρνουμένου
507 2822 586 2891 ποτὲ
613 2823 668 2890 καὶ
695 2826 797 2912 ταάτη
825 2838 893 2891 τῶν
918 2829 1111 2909 Αἰγυπτίων
1138 2828 1284 2895 ἀπολλυ-

269 2931 389 3017 μένων,
414 2932 543 3017 δαίμων
558 2955 610 3008 τις
633 2931 760 3015 άγαθδς
783 2933 831 3008 εἰς
849 2934 1031 3019 ἄνθρωπον
1048 2938 1177 3019 φανείς,
1201 2933 1283 3000 ὅλον

268 3039 305 3104 τὸ
329 3051 421 3123 σῶμα
439 3035 683 3124 πεπηλωμέυος,
703 3037 817 3124 ἐξεβόα
836 3050 905 3116 τοῖς
923 3041 1119 3123 Αἰγυπτίοις
1137 3040 1283 3126 ἀναβλύ-

339 3231 363 3267 v.
380 3218 395 3267 6
416 3211 489 3267 Plat.
508 3211 627 3266 phaedr.
646 3230 672 3282 p.
688 3211 771 3267 τωο

339 3378 394 3426 v.1
416 3369 459 3427 ὅτι
477 3369 498 3441 ἦ
514 3371 611 3441 ἂθηνᾶ
631 3372 671 3434 εἰς
691 3371 787 3443 ψυχὴν
810 3369 1032 3443 άλληγορουμένη
1055 3374 1103 3428 καί
1123 3378 1281 3444 γλαυκῶπις

267 3441 375 3514 λέγεται
394 3443 443 3497 διά
462 3442 493 3498 τδ
511 3444 645 3510 πυρῶδες.
682 3443 730 3497 καί
750 3445 856 3513 γλαῦκα
875 3444 945 3514 αάτῆ
960 3442 1153 3513 άνατνθέασιν,
1171 3443 1279 3515 ὅτιπερ

262 3513 401 3585 ἐγρήγορε
420 3514 469 3569 διὰ
487 3512 578 3582 πάσης
600 3514 700 3576 νυκτὸς
722 3514 810 3569 οἰονεί
833 3512 989 3584 ἀεικίνητος
1011 3513 1154 3586 (ἀκίνητος
1171 3516 1224 3587 D)·
1244 3518 1278 3572 τὸ

267 3584 418 3710 myst
430 3591 445 3639 6
459 3583 590 3640 πλάτανοι
609 3584 654 3653 ΥΙ
670 3586 837 3655 γλαυκώπην
850 3586 878 3639 Α
933 3589 1086 3656 ἰγλαῦκοιυ
1099 3587 1128 3641 Β
1179 3587 1278 3658 θείπη

265 3655 296 3725 S,
340 3675 391 3711 ποι
409 3655 508 3726 scripsi
524 3659 527 3727 ἰ
544 3654 618 3711 είιιοι
632 3663 698 3710 -4
716 3655 863 3718 ἀθάνατος
876 3656 954 3712 omis.
968 3657 999 3711 X
1069 3664 1085 3713 ὁ
1105 3656 1237 3727 ἀκίνητος
1250 3659 1279 3713 Β

265 3732 283 3780 ἰ
302 3725 603 3796 τεσσαρεσκαιδεκάτην
622 3727 650 3796 S,
671 3725 917 3795 τεσσαρεσκαίδεκα
936 3728 1033 3799 scripti
1105 3734 1138 3783 23
1158 3728 1277 3803 δαίμων]

268 3797 444 3854 Claudianus
460 3801 493 3853 ιἰι
510 3798 679 3868 Εκπομκακ
698 3799 726 3852 Β
743 3798 774 3852 in
791 3814 880 3870 marg.
