3074 4598
203 3646 205 3650 '
268 3647 283 3669 Ἀ

621 492 903 548 οιεειιεεειεεοε
1221 496 1261 560 61

255 654 391 737 κυκλικὴ
405 651 460 719 καί
473 656 634 737 πολιτική.
660 652 716 719 καί
730 656 874 740 ἰερατικὴ
888 651 950 739 μὲν
962 653 1264 722 κατὰτὸνἸανονά-
1276 666 1357 721 YHS

258 783 343 843 ριον,
363 761 443 825 ὅταν
456 759 474 826 ὁ
489 761 582 842 η’λιος
599 760 660 824 τὸν
678 762 861 844 αἰγόκερων
877 762 1008 846 παριὼν
1022 761 1160 844 αὔξησιν
1172 771 1266 846 ποιῆ-
1281 812 1284 818 .

257 888 310 930 ται
324 873 382 948 τῆς
394 864 529 949 ἡμέρας·
542 866 681 950 πάτριος
696 861 733 931 δὲ
742 865 762 948 ἡ
772 865 848 950 παρ’
863 866 975 943 αὐτοῖς
985 865 1144 951 λεγομένη
1153 869 1266 954 πρώτη

255 980 315 1037 τοῦ
343 975 498 1057 Μαρτίου
535 968 654 1055 μηνός,
685 969 763 1036 καθ’
790 971 835 1054 ἣν
865 970 921 1037 καί
950 974 990 1038 τδ
1021 972 1107 1038 ὅπλα
1133 975 1182 1039 ἔτι
1212 972 1268 1039 καὶ

256 1087 321 1144 νῦν
345 1077 514 1163 Ῥωμαίοις
543 1080 623 1154 ἔθος
651 1087 766 1144 κινεῖν.
811 1075 893 1161 ἡδὲ
922 1080 1074 1163 πολιτικὴ
1097 1079 1118 1164 ἢ
1140 1085 1269 1164 μᾶλλον
1295 1101 1308 1141 ι

256 1187 394 1270 κυκλικὴ
411 1185 432 1268 ἡ
450 1185 563 1271 πρώτη
585 1194 646 1251 τοῦ
665 1188 896 1270 Σεπτεμβρίου
919 1189 1032 1270 μηνός,
1054 1186 1097 1270 ἣν
1111 1185 1270 1271 Ἕλληνες

256 1289 317 1376 μὲν
339 1291 547 1376 ἐπινέμησιν,
575 1291 670 1358 αὐτοὶ
693 1288 730 1357 δί
754 1294 946 1358 ίνδικτιῶνα
967 1298 1140 1359 καλοῦσιν·
1165 1295 1268 1359 ἰνδικ-
1282 1303 1338 1357 YH

256 1409 359 1462 τιεῑινα
376 1400 440 1481 γάρ
464 1399 496 1461 οἱ
514 1396 664 1480 Ῥωμαῖοι
682 1399 719 1462 τὸ
738 1400 872 1480 μήνυμα
890 1408 951 1462 τοῦ
969 1397 1175 1463 ἐνιαυσιαίου
1192 1400 1270 1464 κύκ-

258 1506 320 1567 λου
342 1505 486 1586 πατρίοις
508 1506 678 1566 καλοῦσιν.
714 1511 771 1585 τῆς
794 1505 857 1589 γάρ
882 1502 1097 1587 ἀρχαιότητος
1117 1504 1177 1568 τὸν
1193 1502 1271 1568 κόκ-
1284 1514 1310 1566 Y

259 1612 319 1672 λον
342 1606 480 1690 ἐχούσης
502 1608 549 1683 εἰς
572 1607 608 1672 τὸ
639 1611 820 1691 λεγόμενον
848 1606 927 1693 παρ’
954 1608 1067 1685 αὐτοῖς
1097 1614 1271 1694 λοῦστρον,
1285 1631 1311 1671 ιο

259 1711 430 1778 τουτέστιν
463 1714 510 1789 εἰς
541 1714 602 1796 τὴν
633 1715 870 1797 πενταετηρίδα
897 1751 940 1760 -
967 1715 1139 1801 καθαρμὸς
1166 1711 1203 1779 δὲ
1229 1709 1273 1798 ἦν

258 1817 314 1883 καί
341 1824 504 1905 μυστήρια
531 1820 669 1904 Μητρὸς
695 1818 763 1885 κατ’
791 1819 894 1885 αὐτὸν
920 1818 1060 1885 ἐτελεῖτο
1088 1857 1130 1867 --
1158 1820 1272 1899 ἔδοξεν

260 1925 402 2010 ὕστερον
429 1926 513 2009 πρὸς
542 1926 641 2009 τιμὴν
660 1923 778 2009 Ἄρεος
801 1962 844 1972 -
866 1925 1005 2011 πάτριος
1035 1922 1072 1991 δί
1092 1925 1272 2010 Ῥωμαίοις,

259 2031 304 2106 ὥς
340 2047 438 2115 φασι,
478 2033 558 2106 θεός
589 2067 634 2076 -
664 2032 753 2115 παρὰ
789 2030 1082 2096 πεντεκαιδέκατον
1118 2029 1273 2096 ἐνιαυτὸν

261 2135 488 2201 ἀνανεοῦσθαι
511 2137 570 2200 τὸν
592 2136 725 2201 κύκλον.
761 2135 781 2218 ἡ
805 2137 868 2220 γδιρ
887 2140 994 2201 τελεία
1012 2136 1274 2212 ἀποκατάστασις
1287 2159 1313 2199 τε

250 2240 368 2327 Ἄρεος
391 2243 490 2326 διχῶς
512 2242 811 2327 παραφυλάττεται,
833 2243 934 2328 μικρά
952 2238 1013 2326 μὲν
1031 2243 1274 2325 πεντεκαίδεκα,

261 2345 342 2431 μέση
372 2343 409 2412 δδ
440 2345 664 2431 ἑβδομήκοντα
696 2345 801 2413 ἐννέα.
852 2346 903 2412 ὅτι
933 2342 970 2411 δὲ
999 2347 1140 2432 πάτριον
1169 2345 1275 2433 ἀρχὴν
1320 2418 1322 2423 ,

262 2452 417 2519 ἐνιαυτοῦ
444 2454 504 2518 τὸν
526 2455 683 2538 Μάρτιον
710 2453 743 2517 οἰ
765 2452 918 2537 Ῥωμαῖοι
944 2451 1148 2538 παρέλαβον,
1172 2454 1276 2536 δῆλον

261 2557 317 2623 καὶ
334 2557 399 2623 άπὸ
418 2569 478 2624 τοῦ
496 2561 554 2634 τὰς
573 2557 751 2642 λεγομένας
768 2556 844 2641 παρ’
868 2558 982 2634 αὐτοῖς
1000 2559 1183 2643 ματρώνας,
1201 2582 1276 2624 του-

262 2663 351 2729 τέστι
373 2666 430 2740 τὰς
453 2664 635 2748 εὐγενίδας,
660 2667 738 2741 τοὺς
761 2663 888 2739 οἰκέτας
912 2663 1038 2748 ἑστιᾶν,
1064 2665 1216 2749 καθάπερ
1240 2663 1277 2729 ἐν
1291 2687 1316 2727 εο

263 2781 332 2846 τοῖς
353 2773 513 2855 Κρονίοις
542 2768 636 2835 τουτί
663 2770 819 2855 πράττειν
847 2773 927 2845 έθος
955 2766 998 2853 ἦν
1025 2772 1103 2846 τοὺς
1125 2769 1277 2854 κεκτημέ-

263 2895 357 2951 νους·
384 2870 433 2940 ὧν
461 2878 496 2940 αἰ
527 2872 589 2959 μὲν
620 2872 666 2939 δι’
693 2873 810 2959 ’Ἄρεος
843 2877 942 2960 τιμὴν
977 2877 1177 2942 δουλεύουσι
1207 2885 1277 2951 τοίς

264 2983 380 3066 άρρεσι
402 2992 469 3046 τῶν
493 2983 629 3047 οἰκετῶν
648 2981 704 3045 διά
722 2980 783 3063 τὴν
800 2986 973 3065 κρείττονα
992 2983 1106 3066 φύσιν,
1130 2983 1162 3047 οἰ
1181 2977 1219 3046 δί
1234 3018 1277 3027 -

265 3085 491 3174 ἀποτρόπαιον
504 3089 613 3173 ὥσπερ
629 3089 813 3173 θεραπείαν
831 3089 1020 3171 εἰσάγοντες
1037 3096 1084 3176 τῷ
1097 3089 1219 3175 Κρόνῳ
1234 3124 1277 3133 -

266 3225 412 3296 πολιτικὴν
429 3224 447 3296 ἢ
466 3229 569 3296 μᾶλλον
587 3225 720 3295 κυκλικὴν
738 3226 810 3281 κατὰ
828 3227 880 3297 τὴν
898 3229 1011 3298 πρώτην
1024 3235 1074 3282 τοῦ
1088 3223 1279 3298 σεττεμβρίου,

265 3296 301 3366 ἢν
319 3297 398 3367 ἡμεῖς
415 3296 465 3367 μὲν
485 3295 654 3367 ἐπινέμησιν,
672 3299 752 3352 αὐτοὶ
771 3297 802 3353 δί
822 3299 984 3354 ἰνδικτιῶνα
1003 3302 1150 3353 καλοῦσιν·
1164 3306 1213 3366 τῆς
1227 3296 1279 3368 γὰρ

267 3367 451 3439 ἀρχαιότητος
469 3373 504 3438 (p.
520 3375 563 3437 61,
578 3373 605 3439 9)
619 3371 674 3423 κτλ.
690 3370 695 3440 Ι
711 3366 761 3438 μία
775 3367 826 3438 μέν
845 3369 969 3438 ἱερατικά
988 3368 1084 3458 ι’]’γουνΙ
1092 3367 1160 3424 ὅταν
1175 3367 1282 3493 δῇὅλιος

266 3440 315 3494 τδν
335 3438 505 3508 αἰγοκέρωτα
520 3471 555 3479 -
568 3449 689 3494 ποιεῖται
703 3448 752 3508 τῆς
766 3438 881 3508 ἡμέρας·
902 3438 981 3508 ἑτέρα
996 3439 1027 3494 δὲ
1045 3459 1162 3509 πατριος
1180 3459 1197 3508 η
1229 3459 1281 3494 ταν

266 3508 347 3578 (ὅταν
366 3509 420 3563 del.
439 3510 471 3578 S)
489 3508 506 3577 ἡ
525 3507 592 3576 παρ’
610 3511 706 3570 αὐτοῖς
719 3541 754 3549 -
768 3519 858 3564 κινεῖν
876 3510 899 3564 S

337 3599 362 3633 v.
379 3586 393 3632 1
413 3577 485 3633 κατὰ
503 3579 553 3632 τδν
563 3577 740 3646 Ἰανουάριον
759 3579 839 3632 omis.
852 3580 888 3632 H
956 3586 972 3633 ὅ
990 3579 1008 3648 ἡ
1028 3578 1059 3634 δὲ
1073 3577 1151 3648 τρίτη
1166 3577 1280 3646 κυκλικὴ

267 3672 284 3774 χ
304 3649 431 3719 πολιτικὴ
449 3649 472 3704 S
533 3655 557 3739 „6
576 3647 617 3737 av,
630 3649 710 3702 αὐτοὶ
724 3646 775 3716 μὲν
791 3649 953 3703 ἰνδικτιῶνα
968 3648 1237 3739 καλοῦσινζέλληνεις
1250 3646 1281 3729 δέ

282 3718 430 3790 πινέμησιν
448 3720 478 3773 ἐκ
497 3741 546 3772 του
560 3739 721 3789 πραγματος
739 3717 901 3790 ὠνόμασαν·
922 3719 967 3775 ἐπὶ
982 3742 1034 3789 γαρ
1049 3724 1121 3791 ζνγω
1134 3723 1190 3774 κτλ.
1208 3721 1281 3788 (unt.

268 3792 384 3915 ἕξω·
413 3863 440 3917 R
462 3797 477 3844 9
496 3787 619 3859 πατρίως
640 3794 780 3846 καλοῦσιν.
818 3793 870 3844 cet.
891 3791 948 3845 des.
967 3792 1002 3845 Η
1082 3798 1114 3846 17
1133 3788 1212 3862 μέση]
1236 3807 1289 3858 με-’

270 3883 305 3932 γα
322 3882 339 3931 η
359 3879 392 3917 οε.
442 3879 455 3916 r
