3074 4598
655 538 865 597 nnansfflo
1005 513 1010 525 “
1082 524 1084 533 ‘
1209 541 1262 596 xv

252 713 416 797 ἀγάλματος
438 719 491 772 τοῦ
513 707 546 771 ἐν
572 713 619 792 τῷ·
641 705 840 790 Λύγουοτείρο.
864 739 906 750 -
928 728 957 785 Ρ.
982 709 1010 783 6,
1021 709 1061 769 28
1085 705 1151 786 περὶ
1173 704 1262 788 ἀγαί-

254 822 343 882 ματος
365 807 419 877 τῆς
440 796 694 878 Εὐγναμοαύνης.
713 827 755 838 -
773 815 802 873 p.
820 796 876 869 7,1
901 794 967 879 περὶ
989 791 1152 878 ύγύλματος
1166 796 1261 876 Πρού-

248 910 317 950 οτου.
342 921 381 930 -
406 907 436 964 p.
461 888 547 962 7,17
579 881 647 964 περὶ
674 880 839 962 ἀγάλματος
874 883 989 965 ἔχοντος
1021 882 1053 946 ἐν
1084 894 1119 969 τῇ
1145 888 1261 970 κεφαλῇ

249 974 363 1056 κέρατα.
377 1006 421 1018 -
434 994 463 1051 Ρ.
479 976 509 1049 8,
520 975 562 1034 20
580 969 648 1052 περὶ
661 969 825 1051 ἀγάλματος
838 968 871 1031 ἐν
888 971 977 1056 πέτρᾳ
995 981 1047 1051 τῆς
1056 966 1203 1053 Ἀραβίας.
1221 1006 1259 1016 -

249 1086 278 1143 Ρ.
303 1067 333 1140 8,
343 1065 384 1125 28
408 1060 475 1143 ττερί
497 1060 643 1142 ἀνδρείας.
668 1092 710 1102 -
732 1080 761 1136 Ρ.
787 1062 869 1135 9,10
891 1058 961 1121 baio
982 1061 1049 1144 περί
1071 1065 1179 1125 Γετῶν.

315 1154 354 1213 11
378 1153 473 1227 locos,
500 1150 552 1228 qui
575 1170 653 1209 nexu
676 1148 779 1226 aliquo
806 1149 970 1228 iunguntur
992 1169 1059 1210 oum
1083 1150 1265 1228 quibusdam

248 1242 321 1302 libri·
341 1241 378 1301 de
399 1239 551 1300 mensibus
573 1237 783 1317 paragraphis,
811 1255 942 1315 quosque
965 1239 1036 1298 olim
1057 1241 1090 1298 in
1112 1240 1164 1302 illo
1188 1239 1261 1300 exti-

249 1331 321 1390 aisse
345 1329 401 1390 etsi
423 1328 578 1406 probabile
608 1331 667 1402 esi,
700 1329 834 1387 attamen
862 1346 922 1388 non
948 1327 993 1387 ita
1015 1330 1144 1402 constat,
1173 1333 1208 1390 ub
1229 1329 1263 1389 in

251 1419 413 1482 editionem
442 1418 598 1495 potuerint
625 1416 731 1493 recipi:
761 1436 791 1493 p.
815 1415 875 1490 4,3
899 1412 965 1496 περὶ
992 1413 1191 1496 ἀτραβατικῶν
1218 1443 1261 1466 =

248 1508 287 1567 de
308 1526 400 1569 mens.
418 1510 545 1585 p.12‚2
566 1499 618 1588 (ef.
633 1505 670 1565 de
687 1523 766 1583 mag.
784 1504 872 1581 1,17,
895 1505 947 1582 qui
968 1504 1049 1564 loeus
1072 1505 1111 1564 ad
1132 1507 1262 1582 primum

251 1597 287 1656 de
304 1597 455 1658 mensibus
473 1597 592 1671 librum,
616 1594 714 1672 qualis
733 1594 805 1655 olim
822 1593 891 1669 fine,
912 1593 1029 1654 videtur
1047 1587 1203 1677 spectare).
1220 1627 1262 1638 -

249 1707 279 1763 Ρ.
306 1690 337 1764 4,
347 1688 390 1748 20
421 1685 489 1768 περὶ
518 1682 684 1766 ἀγάλματος
719 1690 897 1764 κρατοῦντος
933 1680 1005 1763 δόρυ
1033 1709 1075 1731 =
1103 1682 1139 1742 de
1171 1701 1262 1743 mene.

249 1796 279 1853 p.
313 1778 426 1851 80,12.
459 1808 502 1818 -
534 1794 564 1850 p.
598 1775 679 1849 5‚15
712 1769 778 1853 περί
809 1769 973 1853 ἀγάλματος
1003 1771 1118 1853 ἔχοντος
1149 1772 1263 1849 ψαλῖὐα

249 1866 361 1943 χαλκῆν
383 1889 426 1912 --
450 1865 486 1924 de
513 1881 605 1923 mens.
633 1882 662 1939 p.
687 1863 739 1937 84,
749 1863 778 1922 3.
801 1894 844 1904 -
867 1882 896 1938 p.
921 1862 978 1938 6,8
1006 1859 1072 1942 περὶ
1098 1858 1264 1942 ἀγάλματος

250 1957 303 2012 τοῦ
329 1949 403 2024 Διός
427 1976 469 2000 =
493 1951 529 2009 de
559 1969 652 2010 mens.
675 1970 704 2027 p.
729 1952 802 2024 124,
813 1952 842 2010 6.
866 1982 908 1992 —
930 1971 959 2028 Ρ.
985 1952 1063 2026 7,13
1087 1948 1154 2029 περὶ
1176 1949 1264 2032 ἀγύί-

251 2061 341 2118 ματος
367 2048 419 2118 τῆς
447 2041 509 2116 Γῆς
532 2064 575 2086 =
599 2039 635 2097 de
661 2056 752 2097 mens.
780 2058 808 2114 p.
835 2039 907 2112 139,
919 2041 946 2098 7.
970 2069 1010 2080 —
1033 2059 1062 2116 Ρ.
1087 2042 1116 2114 7,
1127 2041 1167 2098 26
1196 2037 1266 2119 ττερύ

249 2126 415 2208 ἀγάλματος
436 2135 490 2188 τοῦ
513 2122 626 2206 Ἑρμοῦ
645 2151 687 2174 -··=
709 2124 745 2185 de
758 2143 850 2185 mene.
868 2146 897 2203 p.
914 2129 1046 2200 132,10.
1070 2160 1113 2170 —
1135 2147 1164 2205 p.
1180 2129 1261 2203 8312
1383 2200 1384 2203 ρ

251 2212 318 2295 περὶ
331 2213 508 2297 Αὐγούστου
523 2211 556 2292 (1.
570 2205 736 2295 Καίσαρος)
751 2213 885 2293 εὐτυχίας
895 2241 937 2263 =
947 2215 983 2274 de
996 2234 1086 2276 mens.
1100 2217 1263 2293 Ρ.143“,1ὐ

250 2298 386 2388 (ύπειρος
407 2303 516 2385 χειμών
539 2302 593 2378 ed.‚
616 2300 706 2383 μέγας
728 2301 846 2364 κλυδών
868 2299 916 2383 R).

316 2394 371 2454 ΠΙ
398 2394 493 2469 locos,
521 2391 573 2469 qui
596 2411 663 2452 oum
685 2391 862 2470 stagnantis
889 2390 1064 2469 quibusdam
1089 2393 1263 2452 iamdudum

250 2482 453 2543 Laurentiano
484 2482 561 2542 libro
594 2481 630 2541 de
659 2481 809 2541 mensibus
840 2480 961 2541 tributis
990 2481 1035 2541 iia
1066 2481 1264 2557 consentiunt,

250 2574 286 2630 ub
317 2591 353 2631 ex
383 2571 438 2630 illo
470 2571 642 2645 desumptas
675 2587 724 2629 eos
756 2587 819 2629 osse
851 2572 1008 2647 appareai:
1039 2591 1067 2647 p2
1093 2572 1173 2644 3,18
1196 2568 1263 2652 περὶ

250 2658 453 2739 Αὐγουοτείου
468 2685 511 2708 =
530 2659 567 2718 de
588 2676 681 2718 mens.
704 2677 733 2734 p.
750 2659 823 2734 163,
834 2659 863 2717 3.
885 2690 921 2700 -
942 2679 971 2736 p.
985 2660 1016 2733 4,
1027 2662 1067 2719 12
1090 2657 1160 2738 περὶ·
1175 2657 1264 2741 &yea-

252 2770 342 2828 ματος
362 2741 547 2829 Ἰανουαρίου
571 2773 614 2796 =
638 2747 674 2806 de
696 2765 788 2806 mene.
810 2766 840 2823 p.
865 2748 916 2823 64,
927 2749 955 2807 6.
978 2780 1020 2789 -
1042 2769 1071 2826 Ρ.
1091 2750 1121 2820 4,
1132 2750 1173 2809 28
1196 2745 1262 2830 περί

253 2834 418 2918 ἀγάλματος
440 2845 619 2917 κρατοῦντος
640 2834 771 2916 κιθάραν
793 2862 836 2884 =
856 2835 892 2895 de
913 2855 1003 2896 mens.
1025 2858 1055 2915 p.
1071 2839 1263 2911 107‚17.—

250 2947 280 3004 Ρ.
304 2929 334 3002 5,
344 2927 387 2987 20
409 2924 476 3007 οτερί
498 2923 663 3007 ἀγάλματος
686 2924 880 3003 βαστάζοντος
902 2924 1033 3006 πύργους
1051 2953 1094 2975 =
1112 2926 1149 2986 de
1171 2945 1262 2987 mens,

250 3035 280 3092 p.
305 3017 378 3089 114,
389 3015 417 3073 6.
436 3046 479 3056 -
501 3034 531 3092 Ρ.
556 3015 629 3089 5,24
652 3010 719 3094 περὶ
747 3011 913 3094 ἀγάλματος
940 3011 1026 3074 κτίυα
1054 3011 1196 3095 φέροντος
1220 3043 1263 3065 =

252 3104 289 3163 de
310 3121 402 3163 mene.
421 3122 450 3179 Ρ.
471 3104 544 3176 116,
560 3105 610 3164 2οι
635 3135 678 3144 -
700 3121 729 3178 Ρ.
749 3103 807 3178 6,4
831 3101 898 3183 περί
920 3100 1081 3184 ἀγάλματος
1103 3112 1156 3164 τοῦ
1174 3098 1264 3185 Ἦρα-

251 3187 355 3264 aanor
368 3217 412 3239 =
426 3190 463 3250 de
485 3209 577 3249 mens.
595 3212 624 3269 p.
641 3192 775 3263 120‚14.
799 3223 841 3233 -
864 3211 893 3268 Ρ.
909 3192 989 3266 6,18
1012 3191 1078 3273 περὶ
1099 3189 1263 3272 ἀγάλματος

251 3287 399 3360 πτερυτοῦ
421 3287 475 3339 τοῦ
501 3271 612 3360 Ἑρμοῦ
636 3299 678 3328 =
702 3278 851 3338 demens.
874 3299 903 3357 p.
928 3282 1060 3346 129,15.
1084 3313 1125 3322 —
1149 3301 1178 3357 Ρ.
1202 3282 1261 3356 8,3

251 3365 318 3448 περί
339 3365 518 3446 Αὐγούστου
542 3366 637 3445 μηνός
659 3393 702 3415 =
725 3367 874 3426 demens
897 3389 925 3445 p.
951 3369 1062 3443 150,4.

320 3455 379 3516 Sed
400 3455 488 3516 huius
510 3455 595 3515 tertii
619 3475 736 3533 quoque
758 3457 891 3517 locorum
918 3457 1033 3536 generis
1059 3459 1161 3534 partes
1183 3459 1264 3518 inter

253 3562 285 3606 ee
308 3545 462 3605 differunt:
484 3548 538 3605 aab
561 3546 640 3604 enim
663 3546 851 3606 consentiunt
872 3546 917 3605 ita
935 3563 1001 3606 oum
1018 3545 1140 3623 reliquis
1154 3546 1263 3623 Lydia·

251 3652 359 3694 norum
387 3632 522 3693 codicum
550 3629 782 3710 mansionibus,
818 3637 854 3693 ub
883 3636 950 3712 ipsa
979 3634 1133 3694 Laurentii
1164 3635 1264 3710 verba,

251 3721 387 3799 pleniora
399 3722 558 3797 interdum,
577 3725 696 3781 servata
710 3741 771 3783 esse
785 3742 839 3799 per
852 3722 1021 3783 oodioemR
1038 3727 1191 3800 appareat,
1209 3727 1264 3783 aut

253 3808 290 3870 ab
312 3811 374 3871 iilis
397 3810 577 3871 dissentiunt
598 3810 742 3889 pluribus
763 3814 798 3870 ut
821 3830 839 3870 a
857 3811 979 3871 librario
996 3812 1154 3871 videantur
1176 3813 1263 3873 omit·

251 3900 342 3960 tendo
361 3903 392 3960 ei
410 3899 545 3960 addendo
562 3899 729 3959 immutata.
762 3919 821 3976 quo
840 3899 953 3961 factum
971 3903 1024 3976 eeb,
1043 3904 1077 3960 ut
1094 3901 1175 3961 locos
1193 3901 1262 3962 illos
