<?xml version="1.0" encoding="UTF-8"?>
<!DOCTYPE html PUBLIC "-//W3C//DTD XHTML 1.0 Transitional//EN"
    "http://www.w3.org/TR/xhtml1/DTD/xhtml1-transitional.dtd">
<html xmlns="http://www.w3.org/1999/xhtml" xml:lang="en" lang="en">
 <head>
  <title>
</title>
<meta http-equiv="Content-Type" content="text/html;charset=utf-8" />
  <meta name='ocr-system' content='tesseract 3.04.00' />
  <meta name='ocr-capabilities' content='ocr_page ocr_carea ocr_par ocr_line ocrx_word'/>
</head>
<body>
  <div class='ocr_page' id='page_1' title='image "./ioannislaurenti00wuengoog_0115.png"; bbox 0 0 3074 4598; ppageno 0'>
   <div class='ocr_carea' id='block_1_1' title="bbox 303 443 942 514">
    <p class='ocr_par' dir='ltr' id='par_1_1' title="bbox 303 443 942 514">
     <span class='ocr_line' id='line_1_1' title="bbox 303 443 942 514; baseline 0.005 -17"><span class='ocrx_word' id='word_1_1' title='bbox 303 450 346 514; x_wconf 91' lang='lat'><strong><em>10</em></strong></span> <span class='ocrx_word' id='word_1_2' title='bbox 678 443 942 500; x_wconf 75' lang='grc' dir='ltr'><strong><em>ειεειιειιιιωε</em></strong></span> 
     </span>
    </p>
   </div>
   <div class='ocr_carea' id='block_1_2' title="bbox 246 607 1363 3145">
    <p class='ocr_par' dir='ltr' id='par_1_2' title="bbox 246 607 1316 1012">
     <span class='ocr_line' id='line_1_2' title="bbox 246 607 1316 698; baseline 0 -22"><span class='ocrx_word' id='word_1_3' title='bbox 246 611 403 678; x_wconf 75' lang='grc' dir='ltr'><strong><em>Πίστιν</em></strong></span> <span class='ocrx_word' id='word_1_4' title='bbox 420 613 441 698; x_wconf 73' lang='grc' dir='ltr'><strong><em>ἡ</em></strong></span> <span class='ocrx_word' id='word_1_5' title='bbox 460 621 518 696; x_wconf 81' lang='grc' dir='ltr'><strong><em>τῆς</em></strong></span> <span class='ocrx_word' id='word_1_6' title='bbox 538 608 726 684; x_wconf 77' lang='grc' dir='ltr'><strong><em>δωδεκάόος</em></strong></span> <span class='ocrx_word' id='word_1_7' title='bbox 748 608 862 693; x_wconf 82' lang='grc' dir='ltr'><strong><em>φάσις,</em></strong></span> <span class='ocrx_word' id='word_1_8' title='bbox 885 609 942 674; x_wconf 75' lang='grc' dir='ltr'><strong><em>διά</em></strong></span> <span class='ocrx_word' id='word_1_9' title='bbox 963 632 999 674; x_wconf 91' lang='grc' dir='ltr'><strong><em>τε</em></strong></span> <span class='ocrx_word' id='word_1_10' title='bbox 1021 609 1106 672; x_wconf 80' lang='grc' dir='ltr'><strong><em>ἄλλα</em></strong></span> <span class='ocrx_word' id='word_1_11' title='bbox 1125 607 1181 674; x_wconf 83' lang='grc' dir='ltr'><strong><em>ιιαί</em></strong></span> <span class='ocrx_word' id='word_1_12' title='bbox 1199 608 1316 696; x_wconf 73' lang='grc' dir='ltr'><strong><em>ἐπειδὴ</em></strong></span> 
     </span>
     <span class='ocr_line' id='line_1_3' title="bbox 301 712 1315 802; baseline -0.001 -17"><span class='ocrx_word' id='word_1_13' title='bbox 301 719 501 802; x_wconf 67' lang='grc' dir='ltr'><strong><em>συνέστημεν</em></strong></span> <span class='ocrx_word' id='word_1_14' title='bbox 524 715 560 781; x_wconf 82' lang='grc' dir='ltr'><strong><em>ἐκ</em></strong></span> <span class='ocrx_word' id='word_1_15' title='bbox 582 722 643 779; x_wconf 89' lang='grc' dir='ltr'><strong><em>τοῦ</em></strong></span> <span class='ocrx_word' id='word_1_16' title='bbox 669 716 983 798; x_wconf 82' lang='grc' dir='ltr'><strong><em>στοιχειωόεστάτου</em></strong></span> <span class='ocrx_word' id='word_1_17' title='bbox 1007 712 1063 779; x_wconf 82' lang='grc' dir='ltr'><strong><em>ιιαί</em></strong></span> <span class='ocrx_word' id='word_1_18' title='bbox 1084 718 1315 801; x_wconf 76' lang='grc' dir='ltr'><em>πρεσβυτάτου</em></span> 
     </span>
     <span class='ocr_line' id='line_1_4' title="bbox 298 818 1315 907; baseline -0.001 -16"><span class='ocrx_word' id='word_1_19' title='bbox 298 837 367 891; x_wconf 90' lang='grc' dir='ltr'><strong><em>τῶν</em></strong></span> <span class='ocrx_word' id='word_1_20' title='bbox 394 824 433 890; x_wconf 81' lang='grc' dir='ltr'><strong><em>ἐν</em></strong></span> <span class='ocrx_word' id='word_1_21' title='bbox 461 823 591 896; x_wconf 80' lang='grc' dir='ltr'><strong><em>οὐσίαις</em></strong></span> <span class='ocrx_word' id='word_1_22' title='bbox 618 820 718 884; x_wconf 74' lang='grc' dir='ltr'><strong><em>εἰδῶν</em></strong></span> <span class='ocrx_word' id='word_1_23' title='bbox 743 818 1109 907; x_wconf 74' lang='grc' dir='ltr'><strong><em>παραλαμβανομένων,</em></strong></span> <span class='ocrx_word' id='word_1_24' title='bbox 1136 821 1180 897; x_wconf 79' lang='grc' dir='ltr'><strong><em>ὥς</em></strong></span> <span class='ocrx_word' id='word_1_25' title='bbox 1207 841 1315 905; x_wconf 89' lang='grc' dir='ltr'><strong><em>φασιν</em></strong></span> 
     </span>
     <span class='ocr_line' id='line_1_5' title="bbox 299 926 1314 1012; baseline -0.001 -15"><span class='ocrx_word' id='word_1_26' title='bbox 299 933 331 996; x_wconf 84' lang='grc' dir='ltr'><strong><em>οἰ</em></strong></span> <span class='ocrx_word' id='word_1_27' title='bbox 364 930 429 995; x_wconf 84' lang='grc' dir='ltr'><strong><em>άπὸ</em></strong></span> <span class='ocrx_word' id='word_1_28' title='bbox 461 938 529 993; x_wconf 88' lang='grc' dir='ltr'><strong><em>τῶν</em></strong></span> <span class='ocrx_word' id='word_1_29' title='bbox 559 926 781 1009; x_wconf 86' lang='grc' dir='ltr'><strong><em>μαθημάτων,</em></strong></span> <span class='ocrx_word' id='word_1_30' title='bbox 817 927 1031 1012; x_wconf 73' lang='grc' dir='ltr'><strong><em>ὀρθογωνίου</em></strong></span> <span class='ocrx_word' id='word_1_31' title='bbox 1062 926 1240 1012; x_wconf 79' lang='grc' dir='ltr'><strong><em>τριγώνου·</em></strong></span> <span class='ocrx_word' id='word_1_32' title='bbox 1276 932 1314 996; x_wconf 82' lang='grc' dir='ltr'><strong><em>αλ</em></strong></span> 
     </span>
    </p>

    <p class='ocr_par' dir='ltr' id='par_1_3' title="bbox 265 1027 1314 1440">
     <span class='ocr_line' id='line_1_6' title="bbox 271 1027 1314 1121; baseline 0.004 -23"><span class='ocrx_word' id='word_1_33' title='bbox 271 1039 363 1121; x_wconf 81' lang='grc' dir='ltr'><strong><em>ιγάρ</em></strong></span> <span class='ocrx_word' id='word_1_34' title='bbox 386 1034 486 1100; x_wconf 77' lang='grc' dir='ltr'><strong><em>τοῦδε</em></strong></span> <span class='ocrx_word' id='word_1_35' title='bbox 507 1029 649 1115; x_wconf 79' lang='grc' dir='ltr'><strong><em>πλευραὶ</em></strong></span> <span class='ocrx_word' id='word_1_36' title='bbox 672 1029 709 1097; x_wconf 79' lang='grc' dir='ltr'><strong><em>ἐκ</em></strong></span> <span class='ocrx_word' id='word_1_37' title='bbox 734 1043 839 1118; x_wconf 81' lang='grc' dir='ltr'><strong><em>τριῶν</em></strong></span> <span class='ocrx_word' id='word_1_38' title='bbox 861 1027 959 1098; x_wconf 89' lang='grc' dir='ltr'><strong><em>οὖσαι</em></strong></span> <span class='ocrx_word' id='word_1_39' title='bbox 985 1029 1041 1096; x_wconf 82' lang='grc' dir='ltr'><strong><em>καί</em></strong></span> <span class='ocrx_word' id='word_1_40' title='bbox 1068 1034 1231 1120; x_wconf 76' lang='grc' dir='ltr'><strong><em>τεττάρων</em></strong></span> <span class='ocrx_word' id='word_1_41' title='bbox 1254 1035 1314 1102; x_wconf 82' lang='grc' dir='ltr'><strong><em>καί</em></strong></span> 
     </span>
     <span class='ocr_line' id='line_1_7' title="bbox 295 1138 1313 1224; baseline 0.001 -17"><span class='ocrx_word' id='word_1_42' title='bbox 295 1141 395 1207; x_wconf 80' lang='grc' dir='ltr'><strong><em>πέντε</em></strong></span> <span class='ocrx_word' id='word_1_43' title='bbox 418 1142 650 1224; x_wconf 75' lang='grc' dir='ltr'><strong><em>συμπληροῦσι</em></strong></span> <span class='ocrx_word' id='word_1_44' title='bbox 672 1138 732 1204; x_wconf 89' lang='grc' dir='ltr'><strong><em>τὸν</em></strong></span> <span class='ocrx_word' id='word_1_45' title='bbox 754 1138 904 1224; x_wconf 82' lang='grc' dir='ltr'><strong><em>ἀριθμὸν</em></strong></span> <span class='ocrx_word' id='word_1_46' title='bbox 923 1148 991 1203; x_wconf 90' lang='grc' dir='ltr'><strong><em>τῶν</em></strong></span> <span class='ocrx_word' id='word_1_47' title='bbox 1008 1139 1136 1206; x_wconf 76' lang='grc' dir='ltr'><strong><em>δώδεκα</em></strong></span> <span class='ocrx_word' id='word_1_48' title='bbox 1151 1150 1213 1206; x_wconf 85' lang='grc' dir='ltr'><strong><em>τοῦ</em></strong></span> <span class='ocrx_word' id='word_1_49' title='bbox 1231 1145 1313 1221; x_wconf 77' lang='grc' dir='ltr'><strong><em>ζωο-</em></strong></span> 
     </span>
     <span class='ocr_line' id='line_1_8' title="bbox 296 1245 1312 1332; baseline 0.002 -20"><span class='ocrx_word' id='word_1_50' title='bbox 296 1249 408 1332; x_wconf 82' lang='grc' dir='ltr'><strong><em>φόρου</em></strong></span> <span class='ocrx_word' id='word_1_51' title='bbox 429 1245 556 1310; x_wconf 79' lang='grc' dir='ltr'><strong><em>κύκλου</em></strong></span> <span class='ocrx_word' id='word_1_52' title='bbox 575 1245 613 1308; x_wconf 84' lang='grc' dir='ltr'><strong><em>τὸ</em></strong></span> <span class='ocrx_word' id='word_1_53' title='bbox 630 1245 852 1330; x_wconf 79' lang='grc' dir='ltr'><strong><em>παράδειγμα·</em></strong></span> <span class='ocrx_word' id='word_1_54' title='bbox 870 1247 1164 1330; x_wconf 79' lang='grc' dir='ltr'><strong><em>όιπλασιασθείσης</em></strong></span> <span class='ocrx_word' id='word_1_55' title='bbox 1182 1245 1220 1313; x_wconf 73' lang='grc' dir='ltr'><strong><em>δὲ</em></strong></span> <span class='ocrx_word' id='word_1_56' title='bbox 1239 1247 1312 1327; x_wconf 80' lang='grc' dir='ltr'><strong><em>ἑξά-</em></strong></span> 
     </span>
     <span class='ocr_line' id='line_1_9' title="bbox 265 1349 1313 1440; baseline 0.005 -22"><span class='ocrx_word' id='word_1_57' title='bbox 265 1357 269 1362; x_wconf 77' lang='grc'><strong><em>’</em></strong></span> <span class='ocrx_word' id='word_1_58' title='bbox 297 1354 356 1430; x_wconf 79' lang='grc' dir='ltr'><strong><em>όος</em></strong></span> <span class='ocrx_word' id='word_1_59' title='bbox 384 1363 442 1438; x_wconf 82' lang='grc' dir='ltr'><strong><em>τῆς</em></strong></span> <span class='ocrx_word' id='word_1_60' title='bbox 478 1350 718 1436; x_wconf 86' lang='grc' dir='ltr'><strong><em>γονιμωτάτης,</em></strong></span> <span class='ocrx_word' id='word_1_61' title='bbox 753 1352 827 1434; x_wconf 77' lang='grc' dir='ltr'><strong><em>ἥτις</em></strong></span> <span class='ocrx_word' id='word_1_62' title='bbox 863 1349 954 1418; x_wconf 79' lang='grc' dir='ltr'><strong><em>ἐστὶν</em></strong></span> <span class='ocrx_word' id='word_1_63' title='bbox 992 1351 1075 1437; x_wconf 76' lang='grc' dir='ltr'><strong><em>ἀρχὴ</em></strong></span> <span class='ocrx_word' id='word_1_64' title='bbox 1108 1357 1313 1440; x_wconf 78' lang='grc' dir='ltr'><strong><em>τελειότητος</em></strong></span> 
     </span>
    </p>

    <p class='ocr_par' dir='ltr' id='par_1_4' title="bbox 254 1456 1312 1544">
     <span class='ocr_line' id='line_1_10' title="bbox 254 1456 1312 1544; baseline 0.002 -18"><span class='ocrx_word' id='word_1_65' title='bbox 254 1470 281 1526; x_wconf 83' lang='grc' dir='ltr'>Χ</span> <span class='ocrx_word' id='word_1_66' title='bbox 295 1460 331 1526; x_wconf 86' lang='grc' dir='ltr'><strong><em>εἰι</em></strong></span> <span class='ocrx_word' id='word_1_67' title='bbox 358 1472 428 1526; x_wconf 89' lang='grc' dir='ltr'><strong><em>τῶν</em></strong></span> <span class='ocrx_word' id='word_1_68' title='bbox 454 1460 552 1525; x_wconf 80' lang='grc' dir='ltr'><strong><em>ἰόίων</em></strong></span> <span class='ocrx_word' id='word_1_69' title='bbox 577 1456 858 1544; x_wconf 81' lang='grc' dir='ltr'><strong><em>συμπληρουμένη</em></strong></span> <span class='ocrx_word' id='word_1_70' title='bbox 884 1469 1025 1544; x_wconf 88' lang='grc' dir='ltr'><strong><em>μερῶν.</em></strong></span> <span class='ocrx_word' id='word_1_71' title='bbox 1048 1507 1056 1523; x_wconf 95' lang='grc'><strong>.</strong></span> <span class='ocrx_word' id='word_1_72' title='bbox 1079 1507 1087 1523; x_wconf 95' lang='grc'><strong>.</strong></span> <span class='ocrx_word' id='word_1_73' title='bbox 1109 1507 1118 1523; x_wconf 94' lang='grc'><strong>.</strong></span> <span class='ocrx_word' id='word_1_74' title='bbox 1143 1461 1312 1528; x_wconf 80' lang='grc' dir='ltr'><strong><em>όιατάττει</em></strong></span> 
     </span>
    </p>

    <p class='ocr_par' dir='ltr' id='par_1_5' title="bbox 256 1561 1311 1866">
     <span class='ocr_line' id='line_1_11' title="bbox 256 1561 1311 1651; baseline 0.004 -25"><span class='ocrx_word' id='word_1_75' title='bbox 256 1586 283 1626; x_wconf 85' lang='grc' dir='ltr'><strong><em>ιο</em></strong></span> <span class='ocrx_word' id='word_1_76' title='bbox 297 1564 334 1633; x_wconf 71' lang='grc' dir='ltr'><strong><em>δὲ</em></strong></span> <span class='ocrx_word' id='word_1_77' title='bbox 368 1569 510 1651; x_wconf 81' lang='grc' dir='ltr'><strong><em>Νουμᾶς</em></strong></span> <span class='ocrx_word' id='word_1_78' title='bbox 548 1563 747 1628; x_wconf 78' lang='grc' dir='ltr'><strong><em>όυοιιαάίεκα</em></strong></span> <span class='ocrx_word' id='word_1_79' title='bbox 784 1575 900 1647; x_wconf 83' lang='grc' dir='ltr'><strong><em>μηνῶν</em></strong></span> <span class='ocrx_word' id='word_1_80' title='bbox 939 1565 1001 1630; x_wconf 86' lang='grc' dir='ltr'><strong><em>τὸν</em></strong></span> <span class='ocrx_word' id='word_1_81' title='bbox 1040 1561 1194 1630; x_wconf 78' lang='grc' dir='ltr'><strong><em>ἐνιαυτὸν</em></strong></span> <span class='ocrx_word' id='word_1_82' title='bbox 1223 1567 1311 1651; x_wconf 89' lang='grc' dir='ltr'><strong><em>πρὸς</em></strong></span> 
     </span>
     <span class='ocr_line' id='line_1_12' title="bbox 295 1666 1309 1754; baseline -0.002 -14"><span class='ocrx_word' id='word_1_83' title='bbox 295 1674 491 1740; x_wconf 78' lang='grc' dir='ltr'><strong><em>συντέλειαν</em></strong></span> <span class='ocrx_word' id='word_1_84' title='bbox 512 1680 580 1735; x_wconf 86' lang='grc' dir='ltr'><strong><em>τῶν</em></strong></span> <span class='ocrx_word' id='word_1_85' title='bbox 598 1667 718 1734; x_wconf 89' lang='grc' dir='ltr'><strong><em>Ἡλίου</em></strong></span> <span class='ocrx_word' id='word_1_86' title='bbox 739 1666 795 1733; x_wconf 87' lang='grc' dir='ltr'><strong><em>καί</em></strong></span> <span class='ocrx_word' id='word_1_87' title='bbox 818 1672 970 1754; x_wconf 80' lang='grc' dir='ltr'><strong><em>Σελήνης</em></strong></span> <span class='ocrx_word' id='word_1_88' title='bbox 992 1672 1134 1754; x_wconf 77' lang='grc' dir='ltr'><strong><em>δρόμων.</em></strong></span> <span class='ocrx_word' id='word_1_89' title='bbox 1173 1669 1229 1736; x_wconf 81' lang='grc' dir='ltr'><strong><em>καί</em></strong></span> <span class='ocrx_word' id='word_1_90' title='bbox 1252 1670 1309 1738; x_wconf 80' lang='grc' dir='ltr'><strong><em>ἐπὶ</em></strong></span> 
     </span>
     <span class='ocr_line' id='line_1_13' title="bbox 293 1774 1310 1866; baseline 0 -21"><span class='ocrx_word' id='word_1_91' title='bbox 293 1777 356 1866; x_wconf 69' lang='grc' dir='ltr'><strong><em>μὲν</em></strong></span> <span class='ocrx_word' id='word_1_92' title='bbox 373 1779 543 1864; x_wconf 85' lang='grc' dir='ltr'><strong><em>Ῥωμύλου</em></strong></span> <span class='ocrx_word' id='word_1_93' title='bbox 565 1774 584 1842; x_wconf 86' lang='grc' dir='ltr'>ὁ</span> <span class='ocrx_word' id='word_1_94' title='bbox 607 1784 672 1841; x_wconf 85' lang='grc' dir='ltr'><strong><em>νῦν</em></strong></span> <span class='ocrx_word' id='word_1_95' title='bbox 693 1776 897 1861; x_wconf 81' lang='grc' dir='ltr'><strong><em>καλούμενος</em></strong></span> <span class='ocrx_word' id='word_1_96' title='bbox 915 1777 1068 1863; x_wconf 80' lang='grc' dir='ltr'><strong><em>Μάρτιος</em></strong></span> <span class='ocrx_word' id='word_1_97' title='bbox 1089 1778 1154 1863; x_wconf 77' lang='grc' dir='ltr'><strong><em>μην</em></strong></span> <span class='ocrx_word' id='word_1_98' title='bbox 1175 1789 1310 1865; x_wconf 83' lang='grc' dir='ltr'><strong><em>πρῶτος</em></strong></span> 
     </span>
    </p>

    <p class='ocr_par' dir='ltr' id='par_1_6' title="bbox 265 1879 1308 2078">
     <span class='ocr_line' id='line_1_14' title="bbox 265 1879 1308 1976; baseline 0.003 -25"><span class='ocrx_word' id='word_1_99' title='bbox 265 1883 346 1971; x_wconf 58' lang='grc' dir='ltr'><strong><em>ην,</em></strong></span> <span class='ocrx_word' id='word_1_100' title='bbox 374 1883 429 1950; x_wconf 80' lang='grc' dir='ltr'><strong><em>ἐπὶ</em></strong></span> <span class='ocrx_word' id='word_1_101' title='bbox 452 1879 490 1950; x_wconf 68' lang='grc' dir='ltr'><strong><em>δὲ</em></strong></span> <span class='ocrx_word' id='word_1_102' title='bbox 511 1885 634 1968; x_wconf 83' lang='grc' dir='ltr'><strong><em>Νουμᾶ</em></strong></span> <span class='ocrx_word' id='word_1_103' title='bbox 660 1880 912 1968; x_wconf 80' lang='grc' dir='ltr'><strong><em>προσετέθησαν</em></strong></span> <span class='ocrx_word' id='word_1_104' title='bbox 930 1880 1135 1971; x_wconf 88' lang='grc' dir='ltr'><strong><em>Ἰανουάριος</em></strong></span> <span class='ocrx_word' id='word_1_105' title='bbox 1160 1884 1216 1976; x_wconf 82' lang='grc' dir='ltr'><strong><em>καί</em></strong></span> <span class='ocrx_word' id='word_1_106' title='bbox 1241 1890 1308 1954; x_wconf 78' lang='grc' dir='ltr'><strong><em>Φε·</em></strong></span> 
     </span>
     <span class='ocr_line' id='line_1_15' title="bbox 292 1985 1307 2078; baseline 0.002 -20"><span class='ocrx_word' id='word_1_107' title='bbox 292 1993 483 2078; x_wconf 81' lang='grc' dir='ltr'><strong><em>βρουάριος.</em></strong></span> <span class='ocrx_word' id='word_1_108' title='bbox 529 1989 635 2077; x_wconf 77' lang='grc' dir='ltr'><strong><em>ἀρχὴν</em></strong></span> <span class='ocrx_word' id='word_1_109' title='bbox 657 1985 695 2055; x_wconf 71' lang='grc' dir='ltr'><strong><em>δὲ</em></strong></span> <span class='ocrx_word' id='word_1_110' title='bbox 722 1988 879 2056; x_wconf 78' lang='grc' dir='ltr'><strong><em>ἐνιαυτοῦ</em></strong></span> <span class='ocrx_word' id='word_1_111' title='bbox 906 1990 924 2057; x_wconf 87' lang='grc' dir='ltr'>ὁ</span> <span class='ocrx_word' id='word_1_112' title='bbox 947 1994 1088 2077; x_wconf 86' lang='grc' dir='ltr'><strong><em>Νουμάς</em></strong></span> <span class='ocrx_word' id='word_1_113' title='bbox 1114 1995 1207 2076; x_wconf 81' lang='grc' dir='ltr'><strong><em>ἄγειν</em></strong></span> <span class='ocrx_word' id='word_1_114' title='bbox 1230 1992 1307 2061; x_wconf 66' lang='grc' dir='ltr'><strong><em>ἑθέ</em></strong></span> 
     </span>
    </p>

    <p class='ocr_par' dir='ltr' id='par_1_7' title="bbox 253 2095 1307 2611">
     <span class='ocr_line' id='line_1_16' title="bbox 253 2095 1307 2186; baseline 0.007 -27"><span class='ocrx_word' id='word_1_115' title='bbox 253 2119 280 2160; x_wconf 85' lang='grc' dir='ltr'><strong><em>ιι</em></strong></span> <span class='ocrx_word' id='word_1_116' title='bbox 293 2116 390 2166; x_wconf 89' lang='grc' dir='ltr'><strong><em>σπισε</em></strong></span> <span class='ocrx_word' id='word_1_117' title='bbox 408 2097 592 2184; x_wconf 89' lang='grc' dir='ltr'><strong><em>Ῥωμαίοις,</em></strong></span> <span class='ocrx_word' id='word_1_118' title='bbox 620 2098 701 2164; x_wconf 85' lang='grc' dir='ltr'><strong><em>ὅταν</em></strong></span> <span class='ocrx_word' id='word_1_119' title='bbox 714 2095 833 2174; x_wconf 87' lang='grc' dir='ltr'><strong><em>Ἥλιος</em></strong></span> <span class='ocrx_word' id='word_1_120' title='bbox 855 2099 916 2164; x_wconf 85' lang='grc' dir='ltr'><strong><em>τὸν</em></strong></span> <span class='ocrx_word' id='word_1_121' title='bbox 938 2100 1132 2186; x_wconf 85' lang='grc' dir='ltr'><strong><em>Αἰγόκερων</em></strong></span> <span class='ocrx_word' id='word_1_122' title='bbox 1156 2101 1307 2185; x_wconf 79' lang='grc' dir='ltr'><strong><em>μεσάζων</em></strong></span> 
     </span>
     <span class='ocr_line' id='line_1_17' title="bbox 293 2202 1306 2290; baseline 0 -17"><span class='ocrx_word' id='word_1_123' title='bbox 293 2207 385 2286; x_wconf 81' lang='grc' dir='ltr'><strong><em>αὔξει</em></strong></span> <span class='ocrx_word' id='word_1_124' title='bbox 417 2205 478 2289; x_wconf 77' lang='grc' dir='ltr'><strong><em>τὴν</em></strong></span> <span class='ocrx_word' id='word_1_125' title='bbox 504 2203 645 2290; x_wconf 76' lang='grc' dir='ltr'><strong><em>ἡμέραν,</em></strong></span> <span class='ocrx_word' id='word_1_126' title='bbox 677 2202 898 2290; x_wconf 80' lang='grc' dir='ltr'><strong><em>ἀποστρέφων</em></strong></span> <span class='ocrx_word' id='word_1_127' title='bbox 924 2206 1009 2290; x_wconf 88' lang='grc' dir='ltr'><strong><em>πρὸς</em></strong></span> <span class='ocrx_word' id='word_1_128' title='bbox 1039 2206 1124 2290; x_wconf 77' lang='grc' dir='ltr'><strong><em>ἡμᾶς</em></strong></span> <span class='ocrx_word' id='word_1_129' title='bbox 1151 2206 1215 2272; x_wconf 87' lang='grc' dir='ltr'><strong><em>άπὸ</em></strong></span> <span class='ocrx_word' id='word_1_130' title='bbox 1243 2216 1306 2273; x_wconf 86' lang='grc' dir='ltr'><strong><em>τοῦ</em></strong></span> 
     </span>
     <span class='ocr_line' id='line_1_18' title="bbox 291 2308 1305 2399; baseline 0 -20"><span class='ocrx_word' id='word_1_131' title='bbox 291 2316 408 2379; x_wconf 89' lang='grc' dir='ltr'><strong><em>νοτίου</em></strong></span> <span class='ocrx_word' id='word_1_132' title='bbox 427 2319 626 2397; x_wconf 80' lang='grc' dir='ltr'><strong><em>καμπτῆρος,</em></strong></span> <span class='ocrx_word' id='word_1_133' title='bbox 648 2308 843 2395; x_wconf 79' lang='grc' dir='ltr'><strong><em>προστιθεὶς</em></strong></span> <span class='ocrx_word' id='word_1_134' title='bbox 860 2321 899 2398; x_wconf 77' lang='grc' dir='ltr'><strong><em>τῇ</em></strong></span> <span class='ocrx_word' id='word_1_135' title='bbox 918 2310 1024 2399; x_wconf 78' lang='grc' dir='ltr'><strong><em>ἡμέρᾳ</em></strong></span> <span class='ocrx_word' id='word_1_136' title='bbox 1045 2311 1216 2397; x_wconf 79' lang='grc' dir='ltr'><strong><em>ἡμιῶριον.</em></strong></span> <span class='ocrx_word' id='word_1_137' title='bbox 1248 2311 1305 2379; x_wconf 82' lang='grc' dir='ltr'><strong><em>καὶ</em></strong></span> 
     </span>
     <span class='ocr_line' id='line_1_19' title="bbox 292 2417 1305 2503; baseline 0.001 -17"><span class='ocrx_word' id='word_1_138' title='bbox 292 2420 334 2486; x_wconf 83' lang='grc' dir='ltr'><strong><em>οὐ</em></strong></span> <span class='ocrx_word' id='word_1_139' title='bbox 361 2420 468 2503; x_wconf 92' lang='grc' dir='ltr'><strong><em>μόνον</em></strong></span> <span class='ocrx_word' id='word_1_140' title='bbox 491 2417 596 2495; x_wconf 83' lang='grc' dir='ltr'><strong><em>οὕτως</em></strong></span> <span class='ocrx_word' id='word_1_141' title='bbox 623 2418 682 2483; x_wconf 88' lang='grc' dir='ltr'><strong><em>τὸν</em></strong></span> <span class='ocrx_word' id='word_1_142' title='bbox 709 2417 865 2484; x_wconf 83' lang='grc' dir='ltr'><strong><em>ἐνιαυτὸν</em></strong></span> <span class='ocrx_word' id='word_1_143' title='bbox 893 2419 1110 2502; x_wconf 78' lang='grc' dir='ltr'><strong><em>θιετόπωσεν,</em></strong></span> <span class='ocrx_word' id='word_1_144' title='bbox 1136 2417 1220 2486; x_wconf 83' lang='grc' dir='ltr'><strong><em>ἀλλὰ</em></strong></span> <span class='ocrx_word' id='word_1_145' title='bbox 1247 2420 1305 2487; x_wconf 87' lang='grc' dir='ltr'><strong><em>καί</em></strong></span> 
     </span>
     <span class='ocr_line' id='line_1_20' title="bbox 290 2523 1305 2611; baseline 0.004 -20"><span class='ocrx_word' id='word_1_146' title='bbox 290 2529 436 2611; x_wconf 89' lang='grc' dir='ltr'><strong><em>νόμισμα</em></strong></span> <span class='ocrx_word' id='word_1_147' title='bbox 462 2535 592 2610; x_wconf 80' lang='grc' dir='ltr'><strong><em>πρῶτος</em></strong></span> <span class='ocrx_word' id='word_1_148' title='bbox 620 2523 790 2610; x_wconf 81' lang='grc' dir='ltr'><strong><em>ἐχάραξεν,</em></strong></span> <span class='ocrx_word' id='word_1_149' title='bbox 817 2525 863 2602; x_wconf 83' lang='grc' dir='ltr'><strong><em>ὡς</em></strong></span> <span class='ocrx_word' id='word_1_150' title='bbox 891 2523 924 2604; x_wconf 79' lang='grc' dir='ltr'><strong><em>ἕξ</em></strong></span> <span class='ocrx_word' id='word_1_151' title='bbox 951 2525 1055 2592; x_wconf 83' lang='grc' dir='ltr'><strong><em>αὐτοῦ</em></strong></span> <span class='ocrx_word' id='word_1_152' title='bbox 1082 2529 1130 2592; x_wconf 84' lang='grc' dir='ltr'><strong><em>ἔτι</em></strong></span> <span class='ocrx_word' id='word_1_153' title='bbox 1154 2526 1209 2593; x_wconf 82' lang='grc' dir='ltr'><strong><em>καὶ</em></strong></span> <span class='ocrx_word' id='word_1_154' title='bbox 1237 2538 1305 2596; x_wconf 89' lang='grc' dir='ltr'><strong><em>νῦν</em></strong></span> 
     </span>
    </p>

    <p class='ocr_par' dir='ltr' id='par_1_8' title="bbox 250 2629 1363 3145">
     <span class='ocr_line' id='line_1_21' title="bbox 250 2629 1303 2717; baseline 0.009 -25"><span class='ocrx_word' id='word_1_155' title='bbox 250 2651 277 2692; x_wconf 81' lang='grc' dir='ltr'><strong><em>ιο</em></strong></span> <span class='ocrx_word' id='word_1_156' title='bbox 290 2635 420 2717; x_wconf 90' lang='grc' dir='ltr'><strong><em>νουμόν</em></strong></span> <span class='ocrx_word' id='word_1_157' title='bbox 438 2669 481 2678; x_wconf 93' lang='grc'>-</span> <span class='ocrx_word' id='word_1_158' title='bbox 501 2629 604 2697; x_wconf 86' lang='grc' dir='ltr'><strong><em>οἰονεί</em></strong></span> <span class='ocrx_word' id='word_1_159' title='bbox 626 2631 812 2716; x_wconf 88' lang='grc' dir='ltr'><strong><em>Νουμανόν</em></strong></span> <span class='ocrx_word' id='word_1_160' title='bbox 831 2669 870 2678; x_wconf 93' lang='grc'>-</span> <span class='ocrx_word' id='word_1_161' title='bbox 892 2633 951 2697; x_wconf 88' lang='grc' dir='ltr'><strong><em>τὸν</em></strong></span> <span class='ocrx_word' id='word_1_162' title='bbox 974 2632 1097 2717; x_wconf 85' lang='grc' dir='ltr'><strong><em>ὀβολὸν</em></strong></span> <span class='ocrx_word' id='word_1_163' title='bbox 1117 2638 1303 2701; x_wconf 78' lang='grc' dir='ltr'><strong><em>καλείσθω.</em></strong></span> 
     </span>
     <span class='ocr_line' id='line_1_22' title="bbox 290 2734 1304 2823; baseline 0.005 -21"><span class='ocrx_word' id='word_1_164' title='bbox 290 2737 374 2804; x_wconf 81' lang='grc' dir='ltr'><strong><em>ἀλλὰ</em></strong></span> <span class='ocrx_word' id='word_1_165' title='bbox 395 2739 463 2823; x_wconf 77' lang='grc' dir='ltr'><strong><em>μὴν</em></strong></span> <span class='ocrx_word' id='word_1_166' title='bbox 484 2734 540 2802; x_wconf 84' lang='grc' dir='ltr'><strong><em>καὶ</em></strong></span> <span class='ocrx_word' id='word_1_167' title='bbox 563 2737 625 2821; x_wconf 83' lang='grc' dir='ltr'><strong><em>τὴν</em></strong></span> <span class='ocrx_word' id='word_1_168' title='bbox 646 2736 812 2821; x_wconf 81' lang='grc' dir='ltr'><strong><em>βασιλέων</em></strong></span> <span class='ocrx_word' id='word_1_169' title='bbox 835 2739 954 2821; x_wconf 83' lang='grc' dir='ltr'><strong><em>οἰκίαν,</em></strong></span> <span class='ocrx_word' id='word_1_170' title='bbox 976 2738 997 2821; x_wconf 82' lang='grc' dir='ltr'>ἣ</span> <span class='ocrx_word' id='word_1_171' title='bbox 1020 2745 1164 2805; x_wconf 79' lang='grc' dir='ltr'><strong><em>καλείτω</em></strong></span> <span class='ocrx_word' id='word_1_172' title='bbox 1187 2742 1304 2807; x_wconf 90' lang='grc' dir='ltr'><strong><em>Παλά-</em></strong></span> 
     </span>
     <span class='ocr_line' id='line_1_23' title="bbox 288 2842 1104 2929; baseline 0.002 -21"><span class='ocrx_word' id='word_1_173' title='bbox 288 2867 372 2927; x_wconf 89' lang='grc' dir='ltr'><strong><em>τιον,</em></strong></span> <span class='ocrx_word' id='word_1_174' title='bbox 396 2845 478 2909; x_wconf 82' lang='grc' dir='ltr'><strong><em>κατὰ</em></strong></span> <span class='ocrx_word' id='word_1_175' title='bbox 501 2842 561 2909; x_wconf 84' lang='grc' dir='ltr'><strong><em>τόν</em></strong></span> <span class='ocrx_word' id='word_1_176' title='bbox 585 2844 751 2928; x_wconf 76' lang='grc' dir='ltr'><strong><em>ἱερατικὸν</em></strong></span> <span class='ocrx_word' id='word_1_177' title='bbox 774 2842 943 2923; x_wconf 77' lang='grc' dir='ltr'><strong><em>διετάξατο</em></strong></span> <span class='ocrx_word' id='word_1_178' title='bbox 967 2847 1104 2929; x_wconf 83' lang='grc' dir='ltr'><strong><em>θεσμόν.</em></strong></span> 
     </span>
     <span class='ocr_line' id='line_1_24' title="bbox 287 2948 1363 3038; baseline 0.006 -25"><span class='ocrx_word' id='word_1_179' title='bbox 287 2967 291 2976; x_wconf 91' lang='grc'><strong><em>·</em></strong></span> <span class='ocrx_word' id='word_1_180' title='bbox 358 2951 408 3016; x_wconf 85' lang='grc'><strong><em>18.</em></strong></span> <span class='ocrx_word' id='word_1_181' title='bbox 427 2949 602 3036; x_wconf 77' lang='grc' dir='ltr'><strong><em>Ἀδριανὸς</em></strong></span> <span class='ocrx_word' id='word_1_182' title='bbox 621 2949 657 3015; x_wconf 78' lang='grc' dir='ltr'><strong><em>ἐκ</em></strong></span> <span class='ocrx_word' id='word_1_183' title='bbox 674 2959 732 3033; x_wconf 86' lang='grc' dir='ltr'><strong><em>τῆς</em></strong></span> <span class='ocrx_word' id='word_1_184' title='bbox 750 2951 881 3015; x_wconf 82' lang='grc' dir='ltr'><strong><em>Αἰλίων</em></strong></span> <span class='ocrx_word' id='word_1_185' title='bbox 899 2948 1056 3035; x_wconf 80' lang='grc' dir='ltr'><strong><em>ἐτύγχανε</em></strong></span> <span class='ocrx_word' id='word_1_186' title='bbox 1074 2956 1242 3036; x_wconf 83' lang='grc' dir='ltr'><strong><em>φαμιλίας,</em></strong></span> <span class='ocrx_word' id='word_1_187' title='bbox 1255 2965 1363 3038; x_wconf 71' lang='lat' dir='ltr'><strong><em>Rer</em></strong></span> 
     </span>
     <span class='ocr_line' id='line_1_25' title="bbox 288 3054 1301 3145; baseline 0.006 -24"><span class='ocrx_word' id='word_1_188' title='bbox 288 3055 393 3122; x_wconf 89' lang='grc' dir='ltr'><strong><em>οἰονεί</em></strong></span> <span class='ocrx_word' id='word_1_189' title='bbox 411 3066 540 3141; x_wconf 85' lang='grc' dir='ltr'><strong><em>γενεᾶς·</em></strong></span> <span class='ocrx_word' id='word_1_190' title='bbox 564 3055 647 3122; x_wconf 79' lang='grc' dir='ltr'><strong><em>ὅθεν</em></strong></span> <span class='ocrx_word' id='word_1_191' title='bbox 665 3054 778 3135; x_wconf 78' lang='grc' dir='ltr'><strong><em>ἔδοξεν</em></strong></span> <span class='ocrx_word' id='word_1_192' title='bbox 797 3056 887 3145; x_wconf 77' lang='grc' dir='ltr'><strong><em>αὐτῷ</em></strong></span> <span class='ocrx_word' id='word_1_193' title='bbox 905 3057 942 3122; x_wconf 85' lang='grc' dir='ltr'><strong><em>τὸ</em></strong></span> <span class='ocrx_word' id='word_1_194' title='bbox 956 3058 1086 3123; x_wconf 79' lang='grc' dir='ltr'><strong><em>Αἰλίων</em></strong></span> <span class='ocrx_word' id='word_1_195' title='bbox 1098 3059 1202 3143; x_wconf 81' lang='grc' dir='ltr'><strong><em>ὄνομα</em></strong></span> <span class='ocrx_word' id='word_1_196' title='bbox 1220 3063 1301 3139; x_wconf 87' lang='grc' dir='ltr'><strong><em>τοὺς</em></strong></span> 
     </span>
    </p>
   </div>
   <div class='ocr_carea' id='block_1_3' title="bbox 285 3174 1300 3619">
    <p class='ocr_par' dir='ltr' id='par_1_9' title="bbox 285 3174 1300 3619">
     <span class='ocr_line' id='line_1_26' title="bbox 358 3174 1298 3256; baseline 0.006 -26"><span class='ocrx_word' id='word_1_197' title='bbox 358 3194 382 3232; x_wconf 80' lang='grc' dir='ltr'><strong><em>τ.</em></strong></span> <span class='ocrx_word' id='word_1_198' title='bbox 403 3182 419 3231; x_wconf 81' lang='grc'><strong>2</strong></span> <span class='ocrx_word' id='word_1_199' title='bbox 438 3180 486 3233; x_wconf 81' lang='grc' dir='ltr'><strong><em>ταὶ</em></strong></span> <span class='ocrx_word' id='word_1_200' title='bbox 504 3174 696 3247; x_wconf 75' lang='grc' dir='ltr'><strong><em>πρεσβυτάτου</em></strong></span> <span class='ocrx_word' id='word_1_201' title='bbox 713 3175 792 3232; x_wconf 85' lang='lat' dir='ltr'><strong>omis.</strong></span> <span class='ocrx_word' id='word_1_202' title='bbox 812 3177 840 3231; x_wconf 90' lang='lat' dir='ltr'><em>B</em></span> <span class='ocrx_word' id='word_1_203' title='bbox 916 3184 933 3231; x_wconf 78' lang='grc'>4</span> <span class='ocrx_word' id='word_1_204' title='bbox 952 3176 1126 3247; x_wconf 78' lang='grc' dir='ltr'><strong><em>μαθημάτων</em></strong></span> <span class='ocrx_word' id='word_1_205' title='bbox 1143 3179 1221 3236; x_wconf 81' lang='lat' dir='ltr'><strong>omis.</strong></span> <span class='ocrx_word' id='word_1_206' title='bbox 1242 3182 1274 3237; x_wconf 87' lang='lat' dir='ltr'><em>X</em></span> <span class='ocrx_word' id='word_1_207' title='bbox 1293 3183 1298 3256; x_wconf 99' lang='grc' dir='ltr'>Ι</span> 
     </span>
     <span class='ocr_line' id='line_1_27' title="bbox 287 3244 1300 3323; baseline 0.005 -19"><span class='ocrx_word' id='word_1_208' title='bbox 287 3248 453 3319; x_wconf 74' lang='grc' dir='ltr'><strong><em>ὀρθογώνιον</em></strong></span> <span class='ocrx_word' id='word_1_209' title='bbox 476 3249 504 3304; x_wconf 89' lang='grc' dir='ltr'><strong><em>Β</em></strong></span> <span class='ocrx_word' id='word_1_210' title='bbox 529 3249 533 3318; x_wconf 94' lang='grc' dir='ltr'>Ι</span> <span class='ocrx_word' id='word_1_211' title='bbox 557 3244 706 3323; x_wconf 81' lang='grc' dir='ltr'><strong><em>τριγωνίρυ</em></strong></span> <span class='ocrx_word' id='word_1_212' title='bbox 728 3247 759 3301; x_wconf 88' lang='grc' dir='ltr'><em>Χ</em></span> <span class='ocrx_word' id='word_1_213' title='bbox 836 3255 852 3304; x_wconf 87' lang='grc'>6</span> <span class='ocrx_word' id='word_1_214' title='bbox 872 3252 1076 3318; x_wconf 77' lang='grc' dir='ltr'><strong><em>συμπληροῦσιν</em></strong></span> <span class='ocrx_word' id='word_1_215' title='bbox 1101 3250 1224 3321; x_wconf 79' lang='grc' dir='ltr'><strong><em>ἀριθμὸν</em></strong></span> <span class='ocrx_word' id='word_1_216' title='bbox 1249 3254 1300 3309; x_wconf 83' lang='grc' dir='ltr'><strong><em>τὸν</em></strong></span> 
     </span>
     <span class='ocr_line' id='line_1_28' title="bbox 287 3316 1300 3404; baseline 0.005 -30"><span class='ocrx_word' id='word_1_217' title='bbox 287 3320 397 3375; x_wconf 70' lang='grc' dir='ltr'><strong><em>δώδεκα</em></strong></span> <span class='ocrx_word' id='word_1_218' title='bbox 417 3320 447 3375; x_wconf 99' lang='lat' dir='ltr'><strong><em>Y</em></strong></span> <span class='ocrx_word' id='word_1_219' title='bbox 541 3318 624 3374; x_wconf 79' lang='grc' dir='ltr'><strong><em>7ιαί</em></strong></span> <span class='ocrx_word' id='word_1_220' title='bbox 642 3316 673 3373; x_wconf 78' lang='grc' dir='ltr'><strong><em>ἰιι</em></strong></span> <span class='ocrx_word' id='word_1_221' title='bbox 691 3320 755 3388; x_wconf 79' lang='lat' dir='ltr'><strong>post</strong></span> <span class='ocrx_word' id='word_1_222' title='bbox 772 3318 950 3400; x_wconf 77' lang='grc' dir='ltr'><strong><em>παράδειγμα</em></strong></span> <span class='ocrx_word' id='word_1_223' title='bbox 969 3320 1033 3375; x_wconf 66' lang='lat' dir='ltr'><strong><em>add.</em></strong></span> <span class='ocrx_word' id='word_1_224' title='bbox 1053 3320 1113 3390; x_wconf 66' lang='grc' dir='ltr'><strong><em>δελ,</em></strong></span> <span class='ocrx_word' id='word_1_225' title='bbox 1131 3339 1183 3404; x_wconf 70' lang='lat' dir='ltr'><strong><em>ego</em></strong></span> <span class='ocrx_word' id='word_1_226' title='bbox 1202 3327 1300 3394; x_wconf 72' lang='lat' dir='ltr'><strong>9post</strong></span> 
     </span>
     <span class='ocr_line' id='line_1_29' title="bbox 286 3387 1298 3467; baseline 0.005 -23"><span class='ocrx_word' id='word_1_227' title='bbox 286 3399 377 3459; x_wconf 79' lang='grc' dir='ltr'><strong><em>μερῶν</em></strong></span> <span class='ocrx_word' id='word_1_228' title='bbox 400 3389 533 3445; x_wconf 76' lang='grc' dir='ltr'><strong><em>Ῑιιοιιωιιω</em></strong></span> <span class='ocrx_word' id='word_1_229' title='bbox 556 3387 680 3444; x_wconf 73' lang='lat' dir='ltr'><strong>indicavi</strong></span> <span class='ocrx_word' id='word_1_230' title='bbox 757 3387 825 3444; x_wconf 76' lang='grc' dir='ltr'><strong><em>8όί</em></strong></span> <span class='ocrx_word' id='word_1_231' title='bbox 848 3407 918 3445; x_wconf 77' lang='lat' dir='ltr'><strong><em>oms</em></strong></span> <span class='ocrx_word' id='word_1_232' title='bbox 941 3390 970 3444; x_wconf 93' lang='lat' dir='ltr'><strong><em>Y</em></strong></span> <span class='ocrx_word' id='word_1_233' title='bbox 991 3394 996 3461; x_wconf 96' lang='grc' dir='ltr'>Ι</span> <span class='ocrx_word' id='word_1_234' title='bbox 1020 3389 1080 3460; x_wconf 80' lang='grc' dir='ltr'><strong><em>ἥτις</em></strong></span> <span class='ocrx_word' id='word_1_235' title='bbox 1098 3410 1175 3448; x_wconf 71' lang='lat' dir='ltr'>omn.</span> <span class='ocrx_word' id='word_1_236' title='bbox 1198 3394 1229 3449; x_wconf 90' lang='lat' dir='ltr'><strong><em>Y</em></strong></span> <span class='ocrx_word' id='word_1_237' title='bbox 1243 3394 1298 3467; x_wconf 83' lang='grc' dir='ltr'><strong><em>γὰρ</em></strong></span> 
     </span>
     <span class='ocr_line' id='line_1_30' title="bbox 306 3456 1299 3532; baseline 0.005 -16"><span class='ocrx_word' id='word_1_238' title='bbox 306 3465 351 3516; x_wconf 74' lang='lat' dir='ltr'><strong><em>out</em></strong></span> <span class='ocrx_word' id='word_1_239' title='bbox 365 3459 439 3517; x_wconf 71' lang='grc' dir='ltr'><strong><em>ἐστίν</em></strong></span> <span class='ocrx_word' id='word_1_240' title='bbox 454 3459 518 3516; x_wconf 72' lang='lat' dir='ltr'><strong>add.</strong></span> <span class='ocrx_word' id='word_1_241' title='bbox 536 3459 561 3515; x_wconf 80' lang='lat' dir='ltr'><em>G</em></span> <span class='ocrx_word' id='word_1_242' title='bbox 587 3463 591 3530; x_wconf 95' lang='grc' dir='ltr'>Ι</span> <span class='ocrx_word' id='word_1_243' title='bbox 616 3456 795 3532; x_wconf 77' lang='grc' dir='ltr'><strong><em>τελειότητος]</em></strong></span> <span class='ocrx_word' id='word_1_244' title='bbox 809 3463 824 3514; x_wconf 83' lang='grc' dir='ltr'><strong><em>λ</em></strong></span> <span class='ocrx_word' id='word_1_245' title='bbox 837 3460 867 3514; x_wconf 88' lang='lat' dir='ltr'><strong><em>in</em></strong></span> <span class='ocrx_word' id='word_1_246' title='bbox 882 3477 949 3516; x_wconf 85' lang='lat' dir='ltr'>corr.</span> <span class='ocrx_word' id='word_1_247' title='bbox 963 3464 991 3517; x_wconf 80' lang='lat' dir='ltr'><strong><em>A</em></strong></span> <span class='ocrx_word' id='word_1_248' title='bbox 1063 3467 1079 3516; x_wconf 81' lang='lat'>9</span> <span class='ocrx_word' id='word_1_249' title='bbox 1098 3464 1236 3520; x_wconf 80' lang='grc' dir='ltr'><strong><em>διατάττει</em></strong></span> <span class='ocrx_word' id='word_1_250' title='bbox 1254 3483 1299 3522; x_wconf 79' lang='grc' dir='ltr'><strong><em>τε·</em></strong></span> 
     </span>
     <span class='ocr_line' id='line_1_31' title="bbox 285 3478 1285 3619; baseline 0.008 -35"><span class='ocrx_word' id='word_1_251' title='bbox 285 3478 365 3601; x_wconf 59' lang='lat' dir='ltr'><strong><em>fiqua</em></strong></span> <span class='ocrx_word' id='word_1_252' title='bbox 378 3547 467 3601; x_wconf 71' lang='lat' dir='ltr'>usque</span> <span class='ocrx_word' id='word_1_253' title='bbox 486 3530 523 3586; x_wconf 71' lang='lat' dir='ltr'><strong><em>ad</em></strong></span> <span class='ocrx_word' id='word_1_254' title='bbox 538 3548 568 3619; x_wconf 77' lang='grc' dir='ltr'><strong><em>μ.</em></strong></span> <span class='ocrx_word' id='word_1_255' title='bbox 589 3535 647 3600; x_wconf 77' lang='grc'><strong><em>14,1</em></strong></span> <span class='ocrx_word' id='word_1_256' title='bbox 668 3528 710 3586; x_wconf 79' lang='grc' dir='ltr'><strong><em>ὅτι</em></strong></span> <span class='ocrx_word' id='word_1_257' title='bbox 729 3531 756 3586; x_wconf 80' lang='grc' dir='ltr'><strong><em>οἰ</em></strong></span> <span class='ocrx_word' id='word_1_258' title='bbox 774 3529 825 3600; x_wconf 69' lang='grc' dir='ltr'><strong><em>μὲν</em></strong></span> <span class='ocrx_word' id='word_1_259' title='bbox 839 3532 951 3604; x_wconf 72' lang='grc' dir='ltr'><strong><em>ἀρχαῖοι</em></strong></span> <span class='ocrx_word' id='word_1_260' title='bbox 970 3533 1072 3588; x_wconf 77' lang='lat' dir='ltr'><strong>desunt</strong></span> <span class='ocrx_word' id='word_1_261' title='bbox 1089 3535 1118 3590; x_wconf 91' lang='lat' dir='ltr'><strong><em>Y</em></strong></span> <span class='ocrx_word' id='word_1_262' title='bbox 1181 3542 1213 3590; x_wconf 92' lang='lat'><strong><em>11</em></strong></span> <span class='ocrx_word' id='word_1_263' title='bbox 1228 3547 1285 3594; x_wconf 81' lang='grc' dir='ltr'><strong><em>των</em></strong></span> 
     </span>
    </p>
   </div>
   <div class='ocr_carea' id='block_1_4' title="bbox 284 3540 1298 3727">
    <p class='ocr_par' dir='ltr' id='par_1_10' title="bbox 284 3540 1298 3727">
     <span class='ocr_line' id='line_1_32' title="bbox 284 3540 1298 3727; baseline 0.007 -71"><span class='ocrx_word' id='word_1_264' title='bbox 284 3609 334 3656; x_wconf 76' lang='grc' dir='ltr'><strong><em>τοῦ</em></strong></span> <span class='ocrx_word' id='word_1_265' title='bbox 353 3602 382 3656; x_wconf 89' lang='grc' dir='ltr'><strong><em>Β</em></strong></span> <span class='ocrx_word' id='word_1_266' title='bbox 456 3608 488 3657; x_wconf 72' lang='lat'><strong><em>12</em></strong></span> <span class='ocrx_word' id='word_1_267' title='bbox 493 3620 630 3727; x_wconf 53' lang='grc' dir='ltr'><strong><em>μαρτηος</em></strong></span> <span class='ocrx_word' id='word_1_268' title='bbox 647 3602 674 3656; x_wconf 79' lang='grc' dir='ltr'><strong><em>Α</em></strong></span> <span class='ocrx_word' id='word_1_269' title='bbox 747 3607 780 3656; x_wconf 77' lang='grc'><strong><em>18</em></strong></span> <span class='ocrx_word' id='word_1_270' title='bbox 799 3602 980 3672; x_wconf 83' lang='grc' dir='ltr'><strong><em>ἰαννουάριος</em></strong></span> <span class='ocrx_word' id='word_1_271' title='bbox 998 3605 1048 3677; x_wconf 86' lang='grc' dir='ltr'><strong><em>ΧΙ</em></strong></span> <span class='ocrx_word' id='word_1_272' title='bbox 1064 3606 1249 3675; x_wconf 79' lang='grc' dir='ltr'><strong><em>φευρονάριος</em></strong></span> <span class='ocrx_word' id='word_1_273' title='bbox 1268 3540 1298 3664; x_wconf 53' lang='lat' dir='ltr'><strong><em>l}</em></strong></span> 
     </span>
    </p>
   </div>
   <div class='ocr_carea' id='block_1_5' title="bbox 285 3672 1298 3887">
    <p class='ocr_par' dir='ltr' id='par_1_11' title="bbox 285 3672 1298 3887">
     <span class='ocr_line' id='line_1_33' title="bbox 286 3672 1298 3747; baseline 0.007 -21"><span class='ocrx_word' id='word_1_274' title='bbox 286 3677 319 3726; x_wconf 77' lang='lat'><strong><em>14</em></strong></span> <span class='ocrx_word' id='word_1_275' title='bbox 338 3672 475 3728; x_wconf 71' lang='grc' dir='ltr'><strong><em>ἐνιαυτῶν</em></strong></span> <span class='ocrx_word' id='word_1_276' title='bbox 542 3688 611 3728; x_wconf 82' lang='lat' dir='ltr'>oorr.</span> <span class='ocrx_word' id='word_1_277' title='bbox 631 3673 673 3728; x_wconf 81' lang='grc' dir='ltr'><strong><em>Βτ</em></strong></span> <span class='ocrx_word' id='word_1_278' title='bbox 695 3675 700 3744; x_wconf 96' lang='grc' dir='ltr'>Ι</span> <span class='ocrx_word' id='word_1_279' title='bbox 723 3672 802 3744; x_wconf 78' lang='grc' dir='ltr'><strong><em>ἄγειν</em></strong></span> <span class='ocrx_word' id='word_1_280' title='bbox 821 3673 836 3729; x_wconf 89' lang='grc' dir='ltr'><strong><em>ό</em></strong></span> <span class='ocrx_word' id='word_1_281' title='bbox 860 3682 966 3744; x_wconf 80' lang='grc' dir='ltr'><strong><em>νονμᾶς</em></strong></span> <span class='ocrx_word' id='word_1_282' title='bbox 988 3677 1016 3731; x_wconf 90' lang='grc' dir='ltr'><strong><em>Β</em></strong></span> <span class='ocrx_word' id='word_1_283' title='bbox 1089 3683 1121 3731; x_wconf 75' lang='grc'><strong><em>16</em></strong></span> <span class='ocrx_word' id='word_1_284' title='bbox 1139 3676 1155 3732; x_wconf 86' lang='grc' dir='ltr'><strong><em>ό</em></strong></span> <span class='ocrx_word' id='word_1_285' title='bbox 1173 3676 1249 3747; x_wconf 78' lang='grc' dir='ltr'><strong><em>ἣλιος</em></strong></span> <span class='ocrx_word' id='word_1_286' title='bbox 1267 3681 1298 3734; x_wconf 90' lang='grc' dir='ltr'><strong><em>Β</em></strong></span> 
     </span>
     <span class='ocr_line' id='line_1_34' title="bbox 286 3742 1297 3812; baseline 0.008 -15"><span class='ocrx_word' id='word_1_287' title='bbox 286 3749 318 3797; x_wconf 79' lang='lat'><strong><em>17</em></strong></span> <span class='ocrx_word' id='word_1_288' title='bbox 342 3742 357 3799; x_wconf 88' lang='grc' dir='ltr'><strong><em>ό</em></strong></span> <span class='ocrx_word' id='word_1_289' title='bbox 382 3744 543 3812; x_wconf 70' lang='grc' dir='ltr'><strong><em>προστιθεὶς</em></strong></span> <span class='ocrx_word' id='word_1_290' title='bbox 575 3744 604 3798; x_wconf 90' lang='grc' dir='ltr'><strong><em>Β</em></strong></span> <span class='ocrx_word' id='word_1_291' title='bbox 712 3750 744 3799; x_wconf 84' lang='grc'><strong><em>18</em></strong></span> <span class='ocrx_word' id='word_1_292' title='bbox 772 3743 911 3801; x_wconf 77' lang='grc' dir='ltr'><strong><em>ίτόπωσεν</em></strong></span> <span class='ocrx_word' id='word_1_293' title='bbox 938 3746 967 3800; x_wconf 91' lang='grc' dir='ltr'><strong><em>Β</em></strong></span> <span class='ocrx_word' id='word_1_294' title='bbox 1070 3753 1103 3802; x_wconf 79' lang='lat'><strong><em>21</em></strong></span> <span class='ocrx_word' id='word_1_295' title='bbox 1131 3746 1240 3804; x_wconf 79' lang='grc' dir='ltr'><strong><em>ολιοίαν</em></strong></span> <span class='ocrx_word' id='word_1_296' title='bbox 1267 3752 1297 3805; x_wconf 82' lang='grc' dir='ltr'><strong><em>Α</em></strong></span> 
     </span>
     <span class='ocr_line' id='line_1_35' title="bbox 285 3812 805 3887; baseline 0.002 -18"><span class='ocrx_word' id='word_1_297' title='bbox 285 3820 318 3869; x_wconf 78' lang='grc'><strong><em>28</em></strong></span> <span class='ocrx_word' id='word_1_298' title='bbox 338 3813 481 3887; x_wconf 77' lang='grc' dir='ltr'><strong><em>φαμηλίας</em></strong></span> <span class='ocrx_word' id='word_1_299' title='bbox 498 3815 526 3869; x_wconf 79' lang='grc' dir='ltr'><strong><em>Α</em></strong></span> <span class='ocrx_word' id='word_1_300' title='bbox 609 3819 642 3868; x_wconf 76' lang='lat'><strong><em>24</em></strong></span> <span class='ocrx_word' id='word_1_301' title='bbox 661 3812 759 3881; x_wconf 71' lang='grc' dir='ltr'><strong><em>ἔόοξον</em></strong></span> <span class='ocrx_word' id='word_1_302' title='bbox 777 3815 805 3870; x_wconf 89' lang='grc' dir='ltr'><strong><em>Β</em></strong></span> 
     </span>
    </p>
   </div>
   <div class='ocr_carea' id='block_1_6' title="bbox 0 0 1542 4598">
    <p class='ocr_par' dir='ltr' id='par_1_12' title="bbox 0 0 1542 4598">
     <span class='ocr_line' id='line_1_36' title="bbox 0 0 1542 4598; baseline 0 7"><span class='ocrx_word' id='word_1_303' title='bbox 0 0 1542 4598; x_wconf 95' lang='lat' dir='ltr'><strong><em> </em></strong></span> 
     </span>
    </p>
   </div>
  </div>
 </body>
</html>
