3074 4598
485 504 593 560 LIBER
611 502 786 569 QUARTUS.
814 496 1014 563 IANUARIUS
1211 511 1252 576 75

243 668 409 753 ἀνέφερον
434 668 497 753 τὴν
525 666 768 733 οίῶνοσκοπίαν
795 668 828 732 ολ
855 668 975 735 ὕπατοι
1001 679 1071 746 τοῖς
1092 669 1251 755 αὐτοκρά-
1264 681 1343 742 ΧΗ,

242 791 347 859 τορσι,
371 772 414 840 δι’
436 769 476 859 ἧς
489 773 695 856 ἐγινώσκετο,
712 773 859 851 ποταπὸς
876 776 940 861 άρα
958 779 1048 842 ἔσται
1061 775 1080 842 δ
1095 773 1252 854 ἐνιαυτός.

242 880 355 962 ἐπειδὴ
378 881 442 964 γάρ
465 880 499 945 ολ
521 875 658 962 φυσικοὶ
681 877 742 959 τήν
763 873 825 960 μὲν
842 881 977 966 πρώτην
994 893 1052 967 τής
1070 880 1251 967 ἑβδομάδος
1264 893 1292 946 Η

239 984 368 1072 ήμέραν
396 993 443 1074 τῷ
465 985 568 1071 Ἡλίφ
598 982 846 1069 ἀναγράφουσι,
874 987 935 1069 τὴν
962 985 1000 1054 δέ
1027 987 1185 1075 δευτέραν
1211 999 1250 1075 τῇ

241 1095 390 1179 Σελήνη,
419 1090 481 1175 τὴν
502 1085 540 1155 δέ
562 1093 677 1178 τρίτην
689 1088 797 1176 Ἄρει,
819 1092 881 1174 τήν
904 1089 941 1158 δὲ
963 1096 1121 1182 τετάρτην
1138 1095 1249 1183 Ἑρμῇ,
1278 1120 1290 1161 τ

239 1203 303 1285 τήν
328 1197 480 1284 πέμπτην
506 1193 544 1263 δὲ
566 1207 612 1289 τῶ
634 1201 711 1283 Διί,
737 1198 799 1280 τήν
821 1193 860 1262 δὲ
882 1195 980 1282 ἕκτην
1001 1211 1040 1288 τή
1059 1200 1249 1290 Ἀφροδίτη,

239 1308 301 1390 τήν
319 1299 356 1368 δέ
375 1303 520 1392 ἑβδόμην
537 1313 583 1395 τῷ
600 1306 734 1392 Κρόνφ,
752 1304 781 1368 ελ
798 1298 861 1388 μέν
879 1302 1001 1388 συνέβη
1019 1305 1249 1393 ήμέρηιἩλίου
1261 1317 1344 1374 XHS

239 1412 445 1498 συνδραμεῖν
481 1415 543 1497 τήν
578 1412 697 1500 ἑορτήν
732 1421 799 1476 τῶν
830 1411 1012 1476 Καλενδῶν
1046 1414 1151 1496 ήηουν
1188 1417 1249 1499 τήν

240 1520 377 1607 πρώτην
398 1530 460 1587 τοῦ
478 1520 702 1604 Ἰανουαρίου,
723 1516 888 1604 πολέμους
909 1516 965 1582 καὶ
987 1518 1156 1604 ἀρχόντων
1179 1521 1250 1586 δια-

240 1628 348 1712 φοράς
378 1625 434 1694 καὶ
466 1639 533 1693 τῶν
563 1626 721 1710 ὑπηκόων
752 1622 795 1689 δι’
828 1624 949 1702 αὐτοὺς
981 1625 1149 1710 διχονοίας
1175 1625 1248 1694 ἀνέ
1262 1653 1289 1694 ιο

236 1758 355 1820 μενον,
384 1737 464 1812 τοὺς
486 1729 523 1799 δὲ
550 1732 671 1820 ξηροὺς
697 1732 844 1817 καρποὺς
866 1731 1041 1817 ἀφθόνους
1061 1729 1117 1798 καὶ
1140 1735 1249 1819 φήμας

235 1840 459 1925 παραδόξους·
479 1840 509 1905 ελ
523 1835 560 1905 δὲ
573 1840 735 1922 Σελήνης,
752 1847 889 1904 τοιαῦτα
902 1835 964 1922 μὲν
977 1838 1098 1922 οὐκέτι,
1112 1843 1248 1927 φθοράν

238 1942 277 2011 δὲ
298 1948 434 2030 βρεφῶν
454 1944 509 2011 καλ
532 1947 655 2010 σπάνιν
677 1955 744 2010 τῶν
766 1942 961 2028 ἐπιτηδείων
979 1947 1037 2031 ἔαρ
1055 1969 1090 2011 τε
1108 1951 1247 2034 ψυχρόν,

238 2053 279 2118 τά
297 2049 328 2115 δ
346 2050 516 2137 ἀκρόδρυα
534 2052 682 2127 δαψιλῶς
700 2049 875 2115 ἐπιδώσειν
889 2048 1006 2138 ᾤοντο·
1030 2053 1060 2118 εἰ
1078 2049 1107 2117 δ’
1121 2051 1246 2139 Ἄρεος,

238 2156 451 2243 ἐμπρησμοὺς
472 2152 535 2241 μὲν
559 2153 615 2220 καὶ
638 2157 773 2238 νόσους,
800 2162 897 2221 οίνου
920 2151 957 2221 δὲ
979 2156 1034 2222 καλ
1057 2156 1170 2224 έλαιόυ
1190 2159 1245 2225 καὶ
1259 2184 1286 2226 ιτ

238 2264 387 2347 ὀσπρίων
401 2261 572 2347 ἀφθονίαν
585 2258 640 2326 καὶ
655 2261 772 2326 στάσιν
781 2260 957 2347 ἐμφύλιον·
973 2262 1052 2328 όταν
1065 2260 1103 2329 δέ
1112 2263 1245 2351 Ἑρμοῦ,

235 2371 375 2457 φθοράν
403 2365 466 2455 μέν
494 2371 624 2452 νηπίων
652 2364 708 2433 καὶ
737 2368 859 2445 νόσους
889 2366 924 2432 έκ
954 2367 1079 2453 ῥύσεως
1106 2373 1246 2457 γαστρὸς

237 2476 294 2542 καλ
321 2486 393 2554 ταῖς
418 2475 533 2561 μέσαις
561 2473 597 2540 έν
624 2474 737 2559 ἡλικίᾳ
758 2471 890 2557 γυναιξὶ
913 2477 1050 2560 φθοράν
1070 2474 1126 2542 καὶ
1149 2479 1246 2561 λιμὸν

234 2581 437 2650 ἀπευκταῑον
454 2583 612 2647 καθόλου.
650 2579 688 2646 έν
705 2577 742 2646 δὲ
755 2590 794 2666 τῇ
807 2582 893 2658 Διὸς
906 2580 1011 2668 ήμίρηι
1025 2581 1245 2671 ἐμπιπτούσης

234 2698 293 2775 τής
321 2701 390 2755 τῶν
411 2689 594 2754 Καλενδῶν
622 2685 737 2772 ἑορτῆς
762 2688 870 2753 πάντα
896 2684 958 2772 μὲν
981 2687 1092 2772 ἀγαθά
1114 2688 1243 2757 ἐδίδοτο
1257 2717 1284 2758 ιο

233 2797 442 2882 προσδοκᾶν,
474 2795 617 2880 χιονώδη
648 2790 686 2859 δὲ
716 2790 771 2859 καὶ
798 2794 925 2879 ὑετώδη
953 2795 1012 2860 τὸν
1037 2798 1168 2881 καιρόν,
1199 2798 1244 2876 ὡς

234 2899 319 2988 μηδὲ
345 2904 425 2979 τοὺς
450 2903 618 2986 ποταμοὺς
644 2910 716 2977 ταῖς
746 2902 847 2980 ἰδίαις
876 2901 1080 2987 ἀρκεσθήναι
1106 2905 1243 2981 κοίταις·

233 3008 289 3075 ἐπὶ
311 3005 349 3075 δὲ
371 3018 429 3093 τής
447 3007 551 3092 ἕκτης,
573 3008 645 3092 ήτις
657 3005 857 3094 Ἀφροδίτης
875 3003 960 3073 εἶναι
978 3012 1152 3094 νομίζεται,
1173 3021 1243 3088 τοῖς

232 3112 295 3200 μὲν
322 3116 462 3200 άρχουσι
489 3116 654 3198 θόρυβον,
682 3125 751 3191 τοῖς
776 3110 814 3179 δὲ
835 3124 974 3200 καρποῖς
996 3112 1161 3198 ἐπίδοσιν,
1187 3114 1241 3180 καὶ
1326 3183 1329 3187 ,

303 3393 327 3429 v.
344 3381 360 3428 2
379 3374 466 3448 ἔσται]
485 3374 515 3430 εί
542 3376 571 3429 Β
630 3373 761 3443 3έπειδὴ
776 3405 812 3416 -
828 3380 842 3428 7
861 3373 961 3444 Κρόνω
979 3375 1081 3431 desunt
1094 3376 1126 3430 X
1182 3377 1242 3432 ’λεί

232 3444 283 3515 μὲν
302 3444 354 3516 γάρ
374 3444 474 3518 συνέβη
529 3489 536 3514 ,
560 3443 603 3500 ότι
625 3447 651 3500 εί
669 3442 769 3516 συνέβη
792 3443 899 3536 ἡμέραν
920 3430 1000 3528 ἡλίου
1023 3450 1190 3516 συνδραμεῖν
1207 3456 1240 3519 τῆ

232 3515 314 3586 ἑορτῇ
333 3519 386 3571 etc.
405 3517 428 3573 S
503 3522 520 3573 8
537 3515 626 3588 ήηονν
638 3521 706 3570 -9
724 3517 890 3585 ίανοναριου
913 3534 990 3572 0m1s.
1009 3519 1067 3575 XS
1144 3523 1160 3572 9
1178 3520 1241 3574 δια-

231 3586 347 3656 φθοράς
360 3588 400 3656 X,
413 3586 554 3658 διαφοράς
565 3587 626 3644 Hs
675 3593 710 3642 10
723 3584 860 3656 ἀνέμενον
873 3584 991 3658 βωμαῑοι
1004 3590 1027 3646 S
1079 3595 1111 3644 12
1125 3597 1241 3645 τοιαῦτα

233 3658 466 3728 Χδ,ταῶταΗ
551 3664 584 3712 13
603 3657 652 3727 ἔαρ
676 3657 752 3714 abs
840 3666 874 3714 14
893 3657 989 3728 ἐροντο
1005 3661 1046 3731 Α,
1068 3659 1156 3717 άοντο
1175 3659 1240 3731 HS,

232 3729 312 3784 omis.
331 3730 360 3784 B
437 3736 470 3785 16
490 3728 635 3800 ἀφθονίας
651 3729 688 3784 Η
759 3735 792 3783 17
811 3728 863 3799 μὲν
881 3729 1002 3786 omis.S
1075 3737 1108 3786 18
1127 3732 1240 3802 φθοράς

230 3800 267 3855 H
353 3807 387 3858 19
405 3801 437 3858 έν
452 3800 498 3874 δὲ]
516 3801 548 3858 έν
566 3801 617 3872 γάρ
632 3801 665 3856 Χ
752 3805 786 3855 20
804 3810 853 3872 τῆς
871 3801 986 3857 0mis,S
1003 3803 1008 3874 Ι
1027 3802 1120 3858 πάντα
1138 3801 1188 3872 μὲν
1205 3803 1240 3859 τά

230 3870 368 3943 ἀηαθδιδ
437 3879 470 3928 22
490 3871 606 3936 οίιιείαις
623 3873 666 3944 Χ,
690 3869 776 3935 ίδίαις
793 3872 828 3927 H
831 3872 871 3943 Sl
891 3870 998 3936 κοίταις
1015 3874 1085 3930 ΧΗ
1106 3874 1202 3945 τύχαις
1218 3875 1241 3931 S
