3074 4598
546 511 655 569 LIBER
672 511 850 577 QUARTUS.
874 513 1036 572 Μεωνωε·
1232 523 1293 591 lm

285 682 416 756 δωδους
442 681 556 765 άρτου,
587 678 733 758 ἔπεμπον
764 687 833 753 τοῖς
859 676 896 743 ἐν
922 681 1016 766 λόγῳ·
1033 677 1210 764 Ῥωμνλίας
1236 684 1333 752 ὄιν-Ε

284 789 406 864 νότνας·
429 779 516 851 οὑτω
540 778 577 847 δὲ
599 780 721 856 ταύτας
743 779 893 867 ἐκάλουν,
916 785 973 850 διὰ
995 785 1035 850 τὸ·
1054 787 1135 851 κατὰ
1158 787 1219 870 τὴν
1241 788 1295 854 ἐν*

285 893 389 975 νάτην
411 892 502 976 ὥραν
525 887 739 953 ἐπιδίδοσδαι
765 887 848 971 πρὸς
869 899 929 954 τοῦ
948 890 1114 976 Ῥωμύλου
1136 891 1198 975 την
1219 916 1294 980 τρο-

284 1001 354 1084 μὴν
385 1008 455 1072 τοῖς
487 992 701 1078 στρατιώταις
723 1041 731 1056 ·
750 1041 758 1056 ·
778 1041 811 1056 ··
833 992 887 1057 καὶ
918 998 981 1082 γάρ
1016 998 1299 1078 Οὐαλεντινιανὸς.

283 1104 481 1177 ἀπαίδευτος
503 1095 547 1184 ἧν
568 1097 624 1164 καί
645 1100 754 1184 μόνον
771 1148 779 1163 .
794 1148 801 1162 .
815 1145 846 1166 ..
863 1102 1055 1187 βαρύμηνις.
1320 1135 1333 1176 5

230 1221 358 1278 RrIVm
388 1207 441 1271 44.
473 1210 520 1294 Ίη
542 1207 608 1293 πρὸ
636 1207 806 1292 τεσσάρων
832 1207 964 1272 Νωνῶν
985 1212 1148 1296 Μαρτίων
1169 1214 1298 1299 ἄνεμον

282 1316 473 1401 βιαιότερον
495 1316 541 1392 ὡς
563 1313 684 1380 ἐπίπαν
705 1322 805 1378 πνεῖν
826 1311 979 1397 προλέγει
1002 1314 1020 1380 ὁ
1043 1317 1200 1396 Εὔδοξος

232 1441 265 1490 32
351 1421 404 1486 45.
432 1426 478 1510 Τῇ
500 1423 567 1509 πρὸ
590 1431 692 1506 τριῶν
714 1422 848 1484 Νωνῶν
868 1422 1032 1505 Μαρτίων
1058 1420 1076 1487 ό
1102 1430 1208 1501 πλοῦς
1233 1437 1291 1512 τῆς

274 1527 400 1607 Ἴσιδος
422 1529 620 1610 έπετελεῖτο,
647 1526 687 1592 δν
714 1529 764 1592 ἔτι
792 1524 846 1592 καὶ
873 1535 938 1592 νῦν
961 1531 1132 1606 τελοῦντες
1153 1535 1292 1599 καλοῦσι

282 1636 492 1721 πλοιαφέσια.
538 1635 558 1719 ἡ
589 1629 627 1698 δὲ
649 1625 729 1711 Ἶσις
758 1643 797 1720 τῇ
825 1635 1020 1718 Αἰγυπτίων
1048 1645 1142 1723 φωνῇ
1169 1641 1294 1705 παλαιά
1307 1668 1334 1708 ιο

284 1748 487 1829 σημαίνεται,
511 1740 682 1808 τουτέστιν
704 1740 725 1825 ἡ
749 1743 882 1826 σελήνη·
904 1740 960 1807 καὶ
981 1745 1214 1828 προσηκόντως
1235 1744 1294 1810 αὑ-

283 1852 346 1933 την
367 1863 508 1935 τιμῶσιν
530 1849 746 1935 ἐναρχόμενοι
764 1860 831 1915 τῶν
852 1853 1041 1915 θαλαττίων
1059 1849 1160 1936 ὁδῶν,
1181 1852 1296 1918 διὰτὸ

283 1955 402 2039 αὐτην,
422 1958 469 2032 ὡς.
490 1955 656 2040 ἐλέγομεν,
679 1965 718 2041 τῇ
742 1956 842 2038 φύσει
863 1967 931 2021 τῶν
952 1956 1084 2023 ὑδάτων
1108 1958 1296 2042 ἐφεστάναι

283 2060 367 2148 φασὶ
394 2057 431 2126 δὲ
458 2062 584 2145 ταύτην
611 2059 666 2125 καί
693 2061 807 2143 ὑγείας
833 2055 919 2126 εἷναι
946 2063 1116 2149 δότειραν,
1140 2067 1297 2152 καθάπερ

282 2168 377 2253 ἡμεῖς
399 2168 459 2233 τὸν
476 2166 684 2250 Ἀσκληπιόν.
730 2165 852 2231 ταύτὸν
878 2164 907 2232 δ’
931 2165 974 2232 άν
1000 2174 1064 2252 είη·
1091 2171 1201 2256 ὥσπερ
1228 2173 1342 2259 γδρισς

282 2274 377 2359 ἡμεῖς
399 2274 459 2339 τὸν
481 2274 579 2357 ἥλιον
602 2273 650 2350 εἰς
670 2272 730 2337 τὸν
748 2268 945 2355 Ἀσκληπιὸν
968 2275 1191 2358 λαμβάνοντες
1212 2279 1297 2361 μετὰ

283 2385 342 2460 τὰς
374 2381 504 2447 ἐκείνου
536 2380 663 2464 δυσμδς
694 2387 753 2462 τῆς
782 2379 901 2456 νυκτὸς
927 2379 1157 2466 ἐπιγινομένης
1184 2388 1296 2450 αίτιου

284 2489 388 2554 αὑτὸν
410 2497 471 2554 τοῦ
493 2487 603 2553 ὑπνου
629 2483 684 2550 καὶ
708 2488 827 2563 νυκτὸς
851 2483 907 2550 καὶ
929 2485 1157 2571 ἀναπαύσεως,
1185 2494 1295 2556 αίτιον

282 2593 338 2659 καί
355 2594 480 2679 δοτῆρα
493 2603 551 2677 τῆς
564 2593 677 2675 ὑγείας
767 2593 982 2678 μυθεύουσιν.
1019 2594 1036 2660 ὁ
1051 2590 1087 2659 δὲ
1101 2598 1296 2681 Χαιρωνεὺς

278 2692 361 2765 Ἶσιν
383 2696 446 2784 μὲν
468 2699 530 2783 τὴν
552 2706 616 2783 γῆν
638 2693 724 2764 εἶναι
743 2699 898 2784 βούλεται
919 2697 974 2765 καὶ
988 2699 1119 2787 Ὄσιριν
1136 2702 1197 2768 τὸν
1214 2705 1293 2770 Νεῖ-
1305 2730 1333 2771 ιο

282 2811 359 2890 λον,
391 2810 537 2892 Τυφῶνα
560 2801 681 2889 δὲτὴν
703 2806 886 2887 θάλατταν,
914 2809 961 2883 είς
983 2807 1026 2891 ἣν
1051 2808 1069 2874 ὁ
1091 2812 1215 2885 Νεῖλος
1239 2808 1292 2895 έμ-

282 2917 413 2979 πίπτων
434 2912 634 2999 ἀφανίζεται.

229 3040 263 3089 33
349 3020 401 3087 46.
434 3020 503 3103 Τὴν
534 3018 645 3102 Τύχην
672 3019 705 3084 οἱ
724 3016 880 3102 Ἕλληνες
906 3020 1073 3105 γράφουσι
1099 3023 1293 3106 βονπρόσω

282 3145 361 3191 πον·
390 3126 453 3209 ἐγὼ
477 3123 506 3191 δ’
531 3120 623 3209 οἶμαι
645 3124 707 3208 τὴν
729 3125 838 3212 ὑγράν
859 3120 945 3190 εἶναι
971 3125 1103 3212 οὐσίαν,
1131 3127 1215 3193 ὅθεν
1236 3126 1293 3193 καί

283 3233 410 3297 άκουαν
433 3231 538 3316 αὐτὴν
552 3231 722 3314 Ῥωμαίοις
745 3233 824 3307 ἔθος
843 3236 957 3297 καλεῖν
974 3231 1038 3297 άπὸ
1055 3243 1114 3317 τῆς
1132 3235 1292 3321 ἰσότητος,
1305 3258 1332 3302 ισ

353 3405 378 3441 v.
394 3393 409 3441 7
428 3386 561 3442 Eudoxus
575 3385 762 3440 Wachsmuffi
781 3386 815 3440 de
833 3389 884 3442 ost.
903 3405 931 3457 p.
945 3392 997 3442 296
1015 3406 1056 3442 nr.
1072 3395 1088 3443 9
1164 3394 1199 3442 20
1217 3388 1291 3447 Plut„

282 3459 317 3514 de
335 3458 370 3514 Is.
391 3461 419 3514 et
438 3457 484 3513 Οε.
504 3475 527 3513 ο.
543 3463 577 3512 32
595 3476 621 3527 p.
637 3456 724 3512 3631)

352 3619 376 3657 ν.
397 3606 412 3654 1
432 3597 580 3672 δωμυλίοις
597 3601 625 3654 A
649 3602 654 3669 Ι
678 3597 786 3663 άνόνας
808 3600 839 3654 Χ
925 3606 941 3654 ό
960 3598 1089 3654 lacunam
1111 3599 1293 3658 indicandam

280 3672 379 3744 putavi
487 3668 649 3736 ῖεδδόξιος
665 3671 706 3738 A,
728 3685 797 3725 corr,
815 3671 853 3742 A,
962 3675 1067 3734 σποῦς
1083 3672 1124 3742 Α,
1147 3675 1234 3736 πλοῦς
1250 3675 1289 3746 A,

283 3751 315 3798 11
335 3741 528 3813 προσηκόντας
546 3743 583 3810 Α,
601 3738 797 3820 προσηκόντως
814 3757 881 3822 ροσε.
899 3741 960 3822 eqd.
974 3760 1010 3796 m.
1083 3748 1116 3797 16
1134 3743 1291 3869 λαμβάνον

281 3834 326 3878 τες
347 3811 365 3883 ἢ
389 3813 457 3883 μετὰ
476 3814 505 3868 Β
613 3818 647 3866 19
664 3811 797 3866 lacunam
818 3812 954 3866 mdwant
971 3812 1023 3868 δελ
1129 3820 1164 3868 20
1195 3832 1246 3886 την
1262 3816 1292 3870 Β

283 3891 316 3940 23
335 3884 481 3958 βοοπρόσω
499 3887 536 3954 A,
556 3901 624 3939 corr.
638 3884 676 3955 A,
751 3889 785 3937 2⁶
805 3881 911 3940 άνονδιν
928 3885 956 3939 Α
