3074 4598
268 479 311 544 68
453 488 456 496 ·
510 472 620 531 οῑευει
639 470 816 538 QUARTUS.
843 469 1044 527 υυοεειοε

226 640 384 727 ΡῬώμης
411 639 594 724 ἀκρόπολιν
621 633 686 720 πρὸ
713 643 772 718 τῆς
797 639 982 721 παρουσίας
1003 636 1144 702 Αἰνείου
1171 634 1289 722 εὑρεῖν

266 746 321 815 ε’πί
350 755 411 814 τοῦ
437 746 543 809 τόπου
570 739 707 823 δάφνην
732 743 816 807 κατά
841 744 946 828 τύχην
971 739 1027 807 καί
1054 741 1159 818 οὑτως
1180 743 1288 808 πάλιν

267 853 362 920 ἐᾶσαι
388 850 494 931 αὐτην
521 845 625 910 ἐκεῖσε
652 845 836 931 διαμένειν·
862 848 918 915 καὶ
946 850 1002 915 διά
1027 858 1126 915 τοῦτο
1152 848 1208 914 καὶ
1233 847 1287 914 ε’ν-

265 965 377 1025 ταῦθα
407 954 554 1037 Δάφνην
588 955 879 1039 προσαγορεύουσι
915 957 952 1022 τὸ
985 957 1164 1022 Παλάτιον.
1222 955 1287 1039 τὴν

239 1067 402 1148 εδάφνην
438 1054 476 1123 δὲ
513 1057 545 1122 06
583 1056 720 1125 παλαιοί
755 1068 801 1147 τῷ
831 1058 1016 1128 Ἀπόλλωνι
1052 1069 1283 1149 καθιεροῦσιν,

202 1181 251 1235 PS
266 1170 319 1234 ὅτι
344 1166 451 1252 πυρὸς
477 1169 601 1248 πλῆρες
629 1165 666 1230 τὸ
695 1167 804 1249 φυτὸν
830 1168 875 1243 ὥς
898 1185 1002 1251 φησιν
1024 1168 1042 1234 6
1067 1170 1285 1257 Πλούταρχος

227 1271 322 1340 Ρκαί
352 1271 370 1338 6
396 1269 568 1336 Ἀπόλλων
596 1278 680 1356 πῦρ·
712 1271 731 1337 6
760 1271 854 1354 ἥλιος
883 1273 946 1357 γάρ
976 1272 1075 1340 ἐστιν.
1116 1277 1199 1343 ὅθεν
1226 1274 1284 1342 καὶ

268 1379 491 1464 ἀπεχθάνεται
514 1378 651 1460 δαίμοσι
673 1386 773 1442 τοῦτο
796 1378 833 1443 τὸ
852 1377 961 1463 φυτὸν
978 1376 1033 1443 καὶ
1052 1382 1153 1447 ἔνθεν
1170 1381 1213 1448 δν
1232 1388 1284 1468 είη

264 1487 388 1571 δάφνη,
411 1482 562 1550 ἐκποδὼν
581 1483 748 1566 δαίμονες,
771 1483 835 1549 κάν
852 1495 923 1561 ταῖς
945 1489 1114 1570 μαντείαις
1131 1490 1283 1565 καίοντες

223 1620 250 1661 ιο
264 1592 389 1676 ταύτην
412 1593 444 1656 ολ
467 1592 645 1674 ἄνθρωποι
666 1590 875 1675 παράστασιν
896 1594 1100 1676 προφητείας
1122 1592 1284 1658 δοκοῦσιν

199 1710 247 1765 PS
263 1696 447 1785 εὑρηκέναι.
476 1696 509 1761 οί
521 1697 736 1781 παλαιότεροι
751 1691 789 1760 δὲ
802 1703 849 1783 τῷ
854 1694 948 1782 ’Ἄρει
960 1696 1022 1779 τὴν
1033 1696 1167 1783 δάφνην
1175 1696 1284 1764 άνετί-

262 1812 385 1888 θησαν,
400 1803 432 1868 οἱ
451 1797 490 1866 δὲ
506 1797 575 1885 μετ’
595 1799 718 1879 αὐτοὺς
732 1808 778 1890 τῷ
790 1800 904 1890 Ἡλίφ,
924 1802 1007 1868 ὅθεν
1023 1801 1172 1883 καὶτοὺς
1190 1829 1284 1891 νικη-

262 1911 320 1985 τὰς
333 1919 401 1974 τῶν
414 1909 583 1991 πολεμίων
596 1909 743 1994 δάφναις
757 1910 908 1993 ἔστεφον,
922 1910 1031 1996 ὥσπερ
1045 1914 1124 1989 τοὺς
1133 1922 1283 2001 σωτῆρας

262 2016 365 2081 πάλιν
378 2023 418 2100 τῇ
433 2014 523 2099 δρυί,
538 2015 647 2081 διὰτὸ
663 2019 830 2102 σωτηρίαν
842 2026 913 2093 τοῖς
924 2016 1026 2083 πάλαι
1040 2019 1105 2106 πρὸ
1119 2027 1176 2103 τῆς
1185 2020 1283 2104 εὑρή-

222 2149 248 2192 ιε
262 2141 345 2198 σεως
358 2128 418 2186 τοῦ
434 2123 529 2187 σίτου
546 2123 608 2206 τὴν
627 2124 715 2210 δρῦν
731 2130 947 2207 γεγενῆσθαι·
965 2125 1132 2208 βαλάνους
1145 2127 1209 2212 γὰρ
1223 2129 1283 2210 ἤσ-

220 2242 245 2296 Χ
260 2236 342 2295 θιον
356 2228 389 2293 ολ
401 2225 539 2293 παλαιοὶ
553 2226 629 2294 ἀντὶ
645 2233 748 2295 σίτου.
784 2229 802 2296 6
820 2225 1078 2308 δλἛλπιδιανὸς
1092 2230 1128 2297 ἐν
1144 2239 1190 2320 τῷ
1204 2231 1281 2316 περὶ

262 2333 388 2421 ἑορτῶν
406 2336 554 2420 στρήναν
571 2337 634 2420 την
649 2337 768 2420 ὑγείαν
785 2345 824 2422 τῇ
839 2339 999 2420 Σαβίνων
1012 2347 1109 2424 φωνῇ
1123 2337 1285 2421 λέγεσθαί

194 2453 246 2508 ΧΡ
261 2458 359 2526 φησι,
392 2438 440 2506 δι’
473 2440 516 2524 ἣν
544 2443 657 2526 φύλλα
687 2443 816 2527 δάφνης
845 2442 1015 2509 ἐπεδίδοτο
1043 2455 1113 2522 τοῖς
1140 2445 1281 2532 ἄρχουσι

260 2549 350 2633 παρὰ
381 2557 441 2613 τοῦ
474 2548 583 2633 δήμου
615 2558 655 2635 τῇ
687 2550 801 2635 πρώτη
833 2559 894 2615 τοῦ
922 2547 1131 2635 Ἰανουαρίου
1163 2554 1280 2635 μηνός·

172 2666 249 2721 XPS
263 2656 377 2738 ὑγείας
405 2655 470 2740 γάρ
499 2653 590 2720 ἐστιν
615 2654 800 2741 ε’ργαστική.
851 2652 931 2721 οὐδὲ
952 2657 1015 2739 γάρ
1040 2656 1113 2743 ἱερά
1135 2660 1235 2734 νόσος
1257 2657 1278 2742 ἣ

221 2790 246 2829 τι
261 2762 390 2846 δαίμων
412 2763 518 2846 βαρὺς
545 2759 717 2847 ἐνοχλήσει
745 2770 790 2849 τῷ
813 2762 902 2848 τόπῳ
926 2760 963 2825 ἐν
986 2752 1014 2848 ᾦ
1036 2762 1152 2847 δάφνη
1177 2762 1278 2847 ἐστίν,

332 2936 356 2972 v.
372 2923 389 2972 6
407 2917 430 2973 S
445 2917 516 2971 haec
534 2915 636 2972 habet:
657 2914 699 2971 ὅτι
718 2918 768 3006 οὑη
785 2913 942 3005 λερὰΙνάσος
955 2918 1010 2986 (20)
1025 2947 1062 2958 —
1075 2935 1102 2987 p.
1114 2922 1181 2986 69‚1
1199 2928 1277 2990 συκῆ.

262 2988 305 3045 ὅτι
333 2987 498 3078 σκεδαφτική
527 2987 681 3080 φασμάτοη
709 2986 777 3041 ἐστι·
805 3007 892 3076 wamy]
921 2987 948 3041 ολ
966 3018 1001 3027 -
1019 2988 1278 3114 μεταλαφβάνουσιν

262 3063 299 3131 (p.
314 3065 357 3129 68,
366 3064 395 3131 4)
414 3081 451 3123 ως
465 3077 553 3130 φησιν
571 3058 586 3113 ὁ
606 3063 787 3129 πλουταρχος,
805 3076 894 3125 πυρος
911 3055 1011 3128 πλῆρές
1029 3057 1119 3115 ἔστιν
1148 3069 1277 3117 τοιοῦτον

320 3129 362 3200 όν,
380 3132 430 3186 καί
448 3129 497 3185 διὰ
514 3138 596 3185 τοῦτο
616 3127 766 3200 ἀπείχοντο
785 3126 925 3198 δαίμονες.
961 3129 1008 3183 καί
1027 3128 1055 3184 οἱ
1074 3129 1124 3200 μὲν
1139 3131 1227 3186 πάλαι
1240 3141 1279 3187 τῶ

282 3221 325 3271 ρει
338 3210 419 3257 τοῦτο
438 3199 615 3270 ἀνετίθεσαν,
634 3202 683 3255 καί
702 3200 751 3254 διὰ
769 3209 850 3255 τοῦτο
868 3202 934 3263 τοὺς
951 3199 1066 3269 νικητὰς
1082 3210 1138 3257 τῶν
1151 3200 1279 3272 πολέμου

261 3273 387 3344 δάφναις
395 3272 521 3341 ἔστεφον.
549 3272 577 3326 οἱ
591 3271 623 3327 66
637 3269 697 3342 μετ’
709 3272 812 3334 αὐτοὺς
825 3280 862 3326 τῶ
871 3269 947 3341 ἡλίο.
975 3273 1039 3335 τοὺς
1048 3271 1080 3327 δὲ
1089 3281 1213 3343 σωτῆρας
1221 3283 1278 3330 τῶν

260 3342 369 3400 πόλεων
387 3341 528 3412 δρυϊδίοις
545 3342 675 3412 ἔστεφον·
694 3352 731 3397 τῶ
751 3351 852 3413 σατηρι
866 3351 925 3406 τοῖς
937 3341 1024 3396 πάλαι
1037 3345 1086 3399 καί
1099 3344 1208 3414 τροφὴν
1222 3346 1276 3414 πρὸ

261 3424 311 3470 τοῦ
330 3413 407 3470 σίτου
420 3415 473 3485 τὴν
486 3413 612 3485 βάλανον
625 3410 767 3484 γενέσθαι,
840 3419 856 3468 6
873 3412 910 3476 ὥς
924 3446 958 3454 -
971 3414 1142 3486 πλοὺταργος
1156 3415 1234 3472 omis.
1249 3417 1281 3471 P

261 3486 414 3542 8ἔνθαΡ
475 3491 508 3539 12
524 3483 779 3558 οί-Ἦλίῳοοείε.
795 3485 824 3539 Ρ
884 3490 917 3539 16
936 3483 1019 3539 σίτου.
1043 3483 1152 3557 λέγουσι
1166 3484 1198 3542 δὲ
1212 3489 1277 3555 περὶ

261 3565 310 3627 τῆς
328 3556 447 3627 δάφνης,
467 3554 509 3611 ὅτι
528 3557 577 3611 καί
596 3554 692 3627 ὑγείας
709 3555 783 3610 ἐστίν
798 3554 956 3626 ἑργαστική·
976 3554 1046 3611 ὅθεν
1059 3558 1108 3613 καί
1122 3558 1211 3626 φύλλα
1225 3558 1277 3613 αὑ-

261 3636 310 3697 τῆς
328 3625 491 3683 ἐκεδίδοπο
510 3636 569 3689 τοῖς
587 3627 704 3698 ἄρχουσι
726 3625 804 3694 παρὰ
821 3635 871 3682 τοῦ
890 3626 980 3696 δήμου
995 3635 1030 3697 τη
1049 3630 1143 3698 πρώτη
1161 3636 1211 3684 τοῦ
1231 3630 1277 3683 ία-

260 3696 397 3766 νουαρίον
410 3695 509 3769 μηνός·
524 3696 591 3753 οὐδὲ
606 3698 660 3768 γὰρ
675 3700 730 3767 (20)
744 3701 799 3751 κτλ.
814 3698 860 3769 ΡΙ
876 3698 891 3754 6
907 3697 938 3753 δὲ
953 3698 1155 3763 ἐλπιδιανὸς-
1165 3705 1198 3754 18
1213 3698 1276 3754 ἒπε-

261 3767 369 3825 δίδοτο·
390 3770 552 3839 ὑγιαστικὸν
571 3767 603 3824 δὲ
617 3769 649 3824 τὸ
663 3766 765 3837 φυτόν·
785 3768 851 3823 οὐδὲ
865 3769 918 3841 γὰρ
933 3769 965 3823 Χ
1034 3775 1067 3824 17
1087 3778 1208 3840 στρήναν
1221 3773 1249 3827 Α
1269 3773 1274 3844 Ι

262 3838 379 3913 ταβίνου
396 3842 425 3896 Α
440 3844 445 3911 Ι
461 3848 543 3910 φωνῇ
561 3841 598 3909 Α,
617 3841 722 3912 γίίοσση
741 3840 769 3895 Β
841 3846 874 3894 21
894 3839 1001 3911 δαίμων
1018 3845 1186 3912 παρενοχλεῖ
1202 3843 1230 3897 Ρ
