3074 4598
356 473 399 537 14
733 470 844 526 τουτου
861 469 999 527 PRIMUS

244 643 422 702 XYCedren.
435 637 605 723 Ῥωμαίοις
613 634 789 718 ματρίκιον
800 635 837 700 τὸ
847 637 956 701 πλατὺ
965 632 1019 701 καλ
1032 635 1121 720 παχὺ
1136 633 1248 713 ξύλον·
1262 633 1295 701 οἱ
1304 633 1370 718 γάρ

353 743 486 830 άρχαλοι
510 743 622 822 ξύλοις
644 736 700 803 καὶ
724 743 856 823 φλοιοῖς
876 740 932 807 καὶ
951 745 1142 829 φιλυρίνοις
1158 739 1268 821 πίναξι
1285 740 1371 827 πρὸς

245 850 506 938 βοᾶτεογραφην
533 845 717 930 ἐκέχρηντο.
763 844 833 912 ἐστὶ
856 845 971 915 δὲκαὶ
993 847 1088 926 σανλς
1110 851 1283 934 φιλυρίνη,
1313 843 1364 931 ἐφ’

350 951 391 1040 ἧς
413 957 453 1021 τά
478 954 605 1039 ῥήματα
628 958 685 1033 τῆς
710 950 904 1039 ἐλευθερίας
927 961 1026 1020 είωθε
1044 955 1241 1042 γράφεσθαι.
1277 957 1368 1019 τιλία

324 1058 390 1126 οδὲ
416 1059 506 1144 παρὰ
528 1066 598 1133 τοῖς
625 1057 739 1135 αὐτοῖς
760 1057 781 1141 ἡ
806 1060 934 1144 φιλύρα
955 1061 992 1126 τὸ
1016 1060 1132 1139 ξύλον·
1159 1060 1240 1127 ὅθεν
1265 1058 1367 1138 κῶὸιξ

350 1167 387 1232 τὸ
411 1167 554 1249 βιβλίον.
599 1162 701 1242 κῶθιξ
735 1159 772 1228 δέ
801 1169 926 1252 κυρίως
955 1165 973 1231 6
1001 1167 1118 1252 φιτρὸς
1146 1165 1221 1255 παρ’
1253 1166 1368 1244 αὐτοῖς

348 1276 512 1355 καλεῖται,
539 1267 595 1335 καὶ
626 1271 720 1354 λίβερ
750 1271 788 1335 τὸ
817 1274 960 1355 βιβλίον.
1014 1275 1107 1357 λίβερ
1139 1270 1176 1338 δὲ
1202 1274 1220 1340 6
1248 1277 1368 1359 φλοιός

350 1376 420 1443 έστι
446 1381 582 1463 κυρίως·
615 1383 719 1440 ταῦτα
745 1374 801 1441 καὶ
828 1379 1017 1463 ματρίκιον,
1049 1376 1105 1443 καὶ
1131 1382 1367 1465 ματρικαρίους

308 1496 335 1551 X
348 1486 427 1562 τοὺς
450 1482 656 1569 ξυλουργοὺς
677 1487 849 1548 καλοῦσιν.
890 1483 973 1549 ὅθεν
991 1485 1039 1548 ἔτι
1057 1481 1113 1548 καὶ
1131 1492 1195 1549 νῦν
1211 1486 1275 1569 πρὸ
1297 1497 1366 1552 τῶν

309 1612 334 1652 ιο
347 1590 485 1656 ὑπάτων
503 1585 694 1675 ἐπιφέρεται
712 1587 730 1654 6
745 1591 923 1673 λεγόμενος
941 1599 1000 1655 τοῦ
1018 1592 1204 1675 πραίτωρος
1222 1592 1365 1674 σκρίβας.

284 1698 458 1784 ΒΥχρόνφ
481 1691 519 1760 δέ
541 1694 684 1780 ὕστερον
702 1693 720 1759 6
739 1697 947 1779 Πτολεμαῖος
969 1694 1253 1779 συμβουλεύοντος
1272 1694 1363 1785 αὐτῷ

343 1798 562 1886 Ἀριστάρχου
579 1809 641 1866 τοῦ
659 1809 888 1886 γραμματικοῦ
902 1801 963 1883 τὴν
971 1799 1138 1885 Ῥωμαίων
1151 1800 1362 1868 ἀσπάσασθαι

345 1909 553 1991 προστασίαν
573 1917 705 1992 πρῶτος
724 1906 850 1992 χάρτην
867 1905 1062 1984 ἀποστείλας
1080 1907 1143 1991 τὴν
1156 1905 1279 1994 Ῥώμην
1296 1908 1361 1990 ἐξέ-

346 2029 449 2078 νισεν.
486 2011 770 2098 άντευῦοκιμεῑται
789 2010 826 2079 δὲ
845 2014 933 2099 ὅμως
954 2015 1043 2100 παρὰ
1061 2023 1122 2080 τοῦ
1140 2018 1361 2101 Περγαμηνοῦ

306 2147 332 2190 ιτ
340 2117 515 2203 Ἀττάλου,
540 2120 713 2205 Κράτητος
738 2128 797 2185 τοῦ
822 2129 1049 2206 γραμματικοῦ
1073 2119 1280 2205 ἡγησαμένου
1302 2132 1362 2207 τῆς

345 2227 494 2310 σπουδῆς
516 2227 600 2310 πρὸς
619 2229 692 2312 ἔριν
710 2225 931 2315 Ἀριστάρχου
953 2237 1013 2295 τοῦ
1031 2225 1224 2310 ἀντιτέχνου
1241 2229 1359 2295 αὐτοῦ·

344 2331 490 2418 δέρματα
500 2333 563 2420 γάρ
573 2333 614 2399 τὰ
628 2331 664 2398 έκ
677 2334 856 2418 προβάτων
869 2333 1029 2414 άποξέσας
1042 2336 1090 2411 είς
1104 2333 1222 2400 λεπτὸν
1235 2335 1360 2403 ἔστειλε

343 2449 414 2517 τοῖς
428 2439 599 2524 Ῥωμαίοις
621 2441 662 2505 τὰ
685 2443 847 2526 λεγόμενα
869 2439 946 2526 παρ’
970 2440 1082 2518 αὐτοῖς
1105 2439 1286 2526 μέμβρανα·
1309 2444 1359 2520 είς

343 2549 477 2632 μνήμην
499 2543 536 2612 δὲ
554 2555 615 2613 τοῦ
639 2545 896 2626 ἀποστείλαντος
920 2550 968 2614 ἔτι
990 2545 1046 2613 καὶ
1066 2557 1132 2614 νῦν
1149 2545 1297 2633 Ῥωμαῖοι
1316 2551 1357 2615 τὰ

304 2678 331 2718 ιο
344 2653 517 2740 μέμβρανα
531 2655 737 2738 Περγαμηνά
755 2660 924 2721 καλοῦσιν.

302 2773 328 2828 X
409 2759 462 2825 29.
476 2758 600 2825 Ἰστέον
623 2755 660 2824 δὲ
673 2757 844 2844 Ῥωμαίοις
862 2761 899 2825 τὸ
923 2769 1050 2826 κανοῦν
1068 2758 1122 2825 ἐπὶ
1140 2755 1201 2844 μὲν
1220 2770 1287 2824 τῶν
1300 2770 1403 2840 RrL2t

344 2869 443 2952 ἱερῶν
466 2866 650 2951 σατούραν,
681 2863 733 2930 ἐπὶ
757 2861 795 2930 66
817 2876 886 2930 τῶν
908 2865 1056 2949 εὐωχιῶν
1079 2864 1288 2951 έπουλαρίαν,
1311 2867 1355 2950 ἣν

340 2973 530 3061 άπαλαρίαν
566 2974 599 3037 οἱ
634 2968 754 3036 πολλοὶ
790 2968 823 3049 ἐξ
860 2969 996 3053 άγνοίας
1030 2972 1354 3057 προσαγορεύουσιν·

341 3079 485 3157 ἐτούλας
506 3079 569 3164 γάρ
592 3078 651 3154 τὰς
673 3076 812 3162 εὐωχίας
830 3076 999 3161 Ῥωμαίοις
1021 3079 1101 3154 ἔθος
1122 3082 1242 3144 καλεῖν.

411 3359 435 3396 v.
457 3347 471 3396 1
491 3340 647 3410 ματράκιου
664 3340 696 3395 τὸ
715 3340 791 3409 ταχύ
809 3340 858 3394 καλ
876 3340 965 3394 πλατύ
983 3339 1011 3392 Β
1038 3337 1183 3408 ματρίκιον
1204 3340 1235 3395 τὸ
1257 3344 1348 3398 πλατὺ

339 3411 423 3478 ξύλον
446 3413 494 3466 καὶ
517 3411 592 3483 ταχύ
616 3410 758 3479 cedwal!
783 3408 811 3464 ολ
829 3409 883 3481 γὰρ
898 3415 963 3463 -3
981 3410 1171 3480 προσγράφοις
1192 3409 1347 3482 ἐκέχρηντο.

339 3482 396 3537 ἐστὶ
421 3480 453 3537 66
468 3489 532 3537 -9
552 3486 692 3538 καλοῦσιν.
712 3480 826 3536 cedrea
848 3483 853 3552 Ι
876 3479 919 3535 ὅτι
944 3480 971 3535 ολ
995 3478 1045 3549 μὲν
1064 3480 1176 3552 ἀρχαῖοι
1196 3481 1297 3553 incipit
1323 3484 1353 3538 Y

340 3550 532 3622 λφελυρίνοις
548 3555 585 3620 Α,
604 3550 764 3623 φιλυρίναις
782 3551 810 3606 Β
883 3557 898 3606 9
918 3549 1030 3606 ὄθεν-
1041 3558 1075 3606 10
1094 3549 1207 3625 οκρίβας
1223 3553 1301 3608 omis.
1321 3555 1351 3609 Y

340 3630 374 3678 10
393 3620 544 3692 πραίτορος
557 3625 586 3680 Β
672 3631 704 3678 11
724 3619 904 3693 χρόνω-20
914 3627 1044 3677 καλοῦσιν
1057 3640 1115 3678 non
1127 3623 1155 3677 le
1212 3624 1347 3695 turim,

339 3693 418 3749 uncis
440 3694 556 3749 seclusit
573 3695 610 3762 Β,
628 3697 694 3765 post
712 3696 844 3748 καλοῦσιν
861 3693 950 3748 habet
962 3696 1044 3748 πτολε
1065 3696 1158 3757 atos&
1184 3694 1282 3765 ἐφεῦρε
1296 3696 1347 3751 τὸν

338 3764 444 3836 χάρτην
464 3765 495 3820 X
583 3772 617 3821 12
636 3773 686 3820 τοῦ
700 3763 778 3820 omia.
793 3764 824 3818 D
915 3771 948 3818 14
966 3713 1062 3837 παρὰῖ
1073 3766 1137 3833 περὶ
1154 3766 1184 3820 D
1203 3767 1272 3835 πρὸς
1285 3765 1347 3822 FG

339 3843 373 3891 20
392 3839 524 3892 καλοῦσιν
547 3835 666 3907 reliqua.
702 3835 786 3890 huius
806 3833 873 3889 libri
897 3835 975 3890 omis.
998 3835 1026 3890 Y
