3074 4598
305 463 371 529 130
589 461 698 517 LIBER
716 459 894 526 QUARTUS.
921 459 1033 518 MAIUS

261 634 413 713 Χ·τερος,
444 622 533 692 δ-δὲ
565 624 693 707 ἀληθὴς
719 622 820 702 αὐτὸς
848 623 954 714 ἑαυτῷ
981 623 1017 691 ἐκ
1043 625 1178 692 πάντων
1205 639 1328 714 μερῶν

187 724 190 730 ’
302 726 391 820 ἶσος,
429 735 515 801 ὅπου
551 728 589 797 δὲ
626 728 801 817 στρέφοιτο
833 733 954 810 πάσαις
984 732 1122 816 βάσεσιν
1153 730 1323 819 ἀορίστως

301 844 499 928 στηρίζεται,
533 836 551 902 ὃ
584 837 626 920 δὴ
656 840 900 923 τετραγωνικὸν
932 848 1040 925 σχῆμα
1072 839 1236 923 τυγχάνει.
1290 842 1321 907 εἰ

300 951 420 1013 τοίνυν
441 953 522 1021 νοῦς
543 941 599 1009 καὶ
617 946 716 1029 λόγος
734 941 822 1012 εἶναι
840 944 1015 1032 δέδεικται,
1037 946 1142 1035 τούτῳ
1163 946 1224 1012 τὸν
1241 945 1321 1033 κέρ-

274 1076 395 1119 εκωπα
418 1052 694 1118 είδωλοποιοῦσιν
715 1053 911 1135 Αἰγύπτιοι,
939 1050 1011 1118 ἐπεὶ
1032 1055 1121 1140 παρὰ
1142 1053 1252 1119 πάντα
1275 1055 1318 1119 τά

301 1163 366 1238 ζῶα
388 1161 521 1243 νοημων
544 1161 710 1245 τυγχάνει,
732 1157 897 1236 συνέσεως
919 1154 1031 1225 δὲκαὶ
1049 1159 1225 1246 ἐπιστήμης
1244 1158 1316 1228 ἐστὶ

300 1265 458 1342 δεκτικός.
494 1264 578 1333 ἀλλὰ
591 1267 658 1353 μην
670 1263 726 1332 καὶ
743 1266 805 1350 τὴν
819 1266 1008 1348 Αἰγυπτίαν
1028 1260 1107 1350 ἶβιν,
1125 1268 1162 1332 τὸ
1182 1269 1316 1353 ὄρνεον,

300 1376 398 1456 ἴσμεν
420 1371 639 1459 ἀνακειμένην
661 1373 764 1462 αὐτῷ·
790 1373 912 1460 καρδίη
939 1372 1003 1456 γὰρ
1032 1373 1117 1438 ἔοικε
1141 1378 1315 1442 λεικιαινό-

299 1502 403 1564 μενον
425 1478 486 1566 μὲν
508 1481 546 1546 τὸ
566 1491 668 1566 σῶμα,
691 1477 724 1558 έξ
743 1478 872 1564 ἀμφοῖν
889 1475 927 1544 δέ
947 1489 1015 1543 τῶν
1032 1489 1142 1564 μερῶν
1159 1485 1315 1564 μελαινο-

257 1610 286 1650 ιο
298 1584 392 1672 μένη,
416 1587 496 1673 ὅπερ
519 1585 589 1653 ἐστὶ
612 1593 672 1651 τοῦ
692 1585 775 1650 κατὰ
793 1585 948 1650 διάνοιαν
966 1586 1070 1668 λόγου
1088 1593 1208 1669 σχῆμα·
1229 1584 1315 1673 πρὶν

298 1688 361 1777 μὲν
378 1694 442 1778 γάρ
461 1697 624 1777 λεχθῆναι
641 1691 781 1774 σκότιος,
803 1692 981 1777 λεγόμενος
1000 1687 1038 1758 δὲ
1055 1694 1238 1776 φωτίζεται,
1256 1692 1315 1758 καὶ

299 1796 417 1884 ῥηθεὶς
439 1797 485 1873 εἰς
508 1792 634 1881 ἀφανὲς
657 1801 788 1881 οἴχεται.
824 1794 977 1883 τρέφεται
1001 1793 1039 1863 δέ
1060 1797 1098 1864 τὸ
1120 1801 1205 1878 ζῶον
1220 1799 1315 1885 παρά

298 1913 368 1981 τοῖς
391 1903 505 1988 ὕδασι,
532 1903 684 1990 καθάπερ
708 1901 745 1968 έν
767 1901 848 1989 ἡμῖν
870 1903 890 1989 ἡ
915 1904 1036 1991 καρδία
1063 1902 1096 1983 ἐξ
1122 1905 1227 1991 ὑγράς
1254 1906 1313 1972 οὐ·

244 2016 295 2074 XS
309 2012 384 2087 σίας
406 2011 467 2095 την
489 2009 635 2095 δύναμιν
657 2009 830 2095 λαμβάνει·
853 2012 938 2096 μόνη
961 2005 999 2075 δὲ
1021 2023 1156 2097 πτηνῶν
1173 2012 1313 2079 πάντων

256 2139 283 2182 ιι
297 2125 371 2183 νεῖν
393 2116 413 2201 ἡ
438 2111 503 2201 ἶβις
526 2115 588 2182 οὐκ
611 2115 790 2202 ἐπίσταται,
817 2117 1042 2203 ἀδρανεστάτη
1068 2114 1106 2183 δέ
1127 2121 1175 2198 εἰς
1197 2124 1312 2204 μεῖζον

256 2223 405 2308 Χβάθος
427 2222 664 2310 καθελκομένη.
708 2225 745 2290 τὸ
769 2221 799 2289 δ’
828 2223 907 2289 αὐτὸ
935 2220 990 2288 καὶ
1013 2221 1068 2289 ἐπὶ
1092 2234 1148 2309 της
1170 2226 1313 2309 καρδίας

295 2329 558 2416 παρατηρητέον·
577 2339 634 2414 τῆς
652 2331 715 2416 γάρ
733 2329 839 2415 ὑγροῖς
852 2331 979 2406 πόσεως
997 2330 1189 2416 συμμέτρως
1206 2348 1313 2416 προσ-

296 2441 456 2521 αχθείσης
479 2438 678 2524 ῥώννυσθαί
698 2459 733 2502 τε
755 2435 810 2501 καὶ
836 2447 905 2513 τοῖς
930 2440 1101 2523 λογισμοῖς
1124 2438 1312 2523 διεστηρίγ·

296 2549 358 2608 θαι
380 2543 521 2629 πέφυκε,
544 2542 600 2609 καὶ
622 2552 681 2627 τῆς
702 2539 763 2627 μὲν
786 2543 909 2620 οἰκείας
932 2541 1045 2628 ἕδρας,
1071 2544 1174 2631 ἥνπερ
1198 2549 1310 2629 φρένα

255 2653 466 2734 εοκαλοῦσιν,
491 2648 553 2715 οὐκ
577 2648 767 2728 ἐξίστασθαι
789 2647 962 2733 νηφαλέαν
983 2672 1019 2714 τε
1042 2645 1138 2734 εἶναι,
1160 2651 1309 2734 ὑποβλυ-

296 2761 438 2820 σθεῖσαν
460 2750 498 2820 δέ
520 2764 590 2832 τοῖς
612 2758 753 2839 παλμοῖς
773 2755 833 2818 τὸν
851 2756 941 2820 ίδιον
960 2754 1063 2821 σάλον
1081 2754 1123 2820 δι’
1146 2757 1227 2823 ὅλου
1246 2766 1309 2821 τοῦ

296 2860 446 2944 σώματος
469 2859 709 2945 ἐξεργάζεσθαι.
744 2859 909 2944 πάσχουσι
932 2856 970 2926 δέ
992 2869 1095 2926 ταῦτα
1117 2863 1182 2928 ὑπὸ
1199 2861 1309 2947 μέθης

295 2966 471 3053 ἅνθρωποι
485 2967 545 3031 τὸν
564 2966 708 3052 ἀκρατον
721 2972 779 3049 τῆς
798 2966 885 3043 ἰδίας
902 2966 1015 3050 ἰσχύος
1027 2970 1308 3055 προτετιμτμιότες.

294 3068 350 3137 καὶ
379 3074 441 3156 τὴν
471 3066 541 3157 ἶβιν
568 3069 606 3138 δὲ
635 3071 690 3138 καὶ
721 3072 780 3137 τὸν
809 3070 961 3156 κέρκωπα
994 3077 1113 3160 σελήνη
1145 3082 1306 3160 συμπαθῆ

254 3203 282 3244 κε
296 3173 382 3244 εἶναι
404 3181 651 3264 προσείκασται·
678 3178 698 3263 η
721 3174 783 3263 μέν
811 3173 876 3264 ἶβις
899 3179 988 3269 αὐτῷ
1015 3189 1061 3268 τῷ
1089 3183 1226 3266 σχήματι
1250 3181 1306 3268 έμ-

295 3287 408 3369 φερής,
431 3286 471 3351 τά
494 3286 578 3368 άκρα
600 3282 661 3371 μέν
685 3284 938 3371 ὀμιχλαίνουσα,
962 3289 1181 3352 λευκαίνουσα
1203 3283 1240 3352 δέ
1264 3288 1308 3353 τά

364 3554 421 3602 v.2
441 3547 572 3617 ἀορίστου
588 3548 618 3603 Β
690 3548 773 3602 διαὶ
791 3548 869 3602 omis,
888 3548 916 3603 A
989 3553 1022 3603 14
1041 3545 1083 3603 ὅτι
1101 3546 1172 3618 μόνη
1190 3559 1309 3619 πτηνῶν

293 3617 408 3675 πάντων
427 3629 487 3675 νεῖν
503 3618 522 3688 ἡ
542 3618 598 3690 ἴβις
616 3620 667 3674 οάκ
686 3615 839 3689 ἐπίσταται,
861 3616 953 3674 καίτοι
971 3618 1050 3688 παρὰ
1067 3628 1124 3681 τοῖς
1141 3617 1225 3674 ὕδασι
1242 3640 1308 3689 τρε-

292 3689 412 3815 Ϊέομέέδ
431 3688 627 3817 &ww
641 3688 673 3745 δὲ
691 3688 1157 3833 εῗιίείῖοἲιβαίδιῖαίὲἶίίέάη
1176 3692 1233 3814 ωίι
1244 3691 1307 3818 ἶῖῗῖ

289 3840 351 3896 τοῖς
368 3782 487 3902 unlaz*
499 3833 539 3902 X,
557 3831 589 3888 δὲ
606 3781 723 3904 ρίονίιάῖ
742 3832 849 3888 emend.
867 3764 995 3887 hasim¹²
1043 3838 1077 3887 κθ
1094 3831 1155 3905 τὸν]
1173 3831 1204 3887 τὸ
1223 3831 1253 3887 Β
