3074 4598
661 488 866 544 Parasino
1156 476 1270 546 monn

253 666 328 726 liam
349 659 503 736 Lydorum
524 655 667 732 mysteria
690 653 864 730 adportasse
888 660 919 717 et
940 657 1087 718 Romanos
1109 645 1268 732 magistra·

253 757 342 812 tuum
362 746 494 824 insignia
517 744 650 805 docuisse
673 746 894 803 commemorat.
938 746 1071 805 adhaec
1093 746 1194 803 auum
1216 764 1267 822 op·

254 840 328 898 time
362 836 512 913 quadrant
542 832 712 910 fragmenta
741 849 778 890 ex
805 831 893 893 initio
924 834 995 894 libri
1024 833 1111 912 primi
1141 837 1268 893 servata.

253 927 385 1006 primum
408 924 488 983 enim
510 921 643 982 omnium
665 918 848 979 advenarum
871 920 1033 982 Saturnum
1053 921 1174 982 Italiam
1197 922 1268 981 atti·

253 1017 333 1095 gisse
357 1013 475 1074 constat
501 1011 583 1069 inter
602 1007 773 1068 fabularum
798 1009 970 1086 scriptores,
999 1031 1084 1089 quem
1106 1011 1267 1070 Saturnum

253 1102 434 1182 posteriores
457 1119 525 1160 cum
548 1096 722 1176 cognomine
744 1098 880 1156 veterum
901 1098 1048 1160 Italorum
1069 1101 1123 1162 deo
1147 1099 1269 1160 confun-

255 1192 367 1252 debant
397 1188 582 1265 eundemque
612 1204 675 1247 esse
704 1187 795 1262 atque
826 1183 1007 1247 Graecorum
1034 1187 1153 1269 Κρόνον
1180 1190 1268 1267 puta·

255 1283 344 1342 bant:
366 1278 444 1339 unde
462 1277 507 1354 fit,
529 1279 565 1337 ut
581 1276 614 1336 in
631 1275 729 1337 ironte
747 1273 817 1333 libri
835 1275 931 1335 nostri
949 1276 1131 1338 inveniamus
1149 1277 1269 1357 Κρόνον

257 1367 367 1451 χρόνον
399 1368 489 1427 deum
520 1370 551 1426 et
581 1399 621 1408 -
648 1364 680 1424 id
713 1363 792 1440 quod
823 1382 943 1424 monere
974 1364 1045 1425 licet
1072 1396 1109 1407 -
1139 1366 1269 1442 primum

255 1459 366 1520 Italiae
395 1457 555 1531 advenam,
586 1473 605 1514 a
632 1471 690 1530 quo
720 1453 863 1529 temporis
892 1453 1014 1513 numine
1041 1454 1169 1530 primum
1198 1454 1270 1514 anni

257 1550 431 1626 computum
452 1546 627 1606 institutum
649 1560 712 1602 esse
734 1547 910 1603 narraverat
932 1542 1117 1618 Laurentius,
1138 1545 1269 1602 testante

256 1638 346 1698 initio
370 1636 389 1715 ξ
408 1638 463 1697 16:
487 1632 631 1713 διέμεινεν
649 1627 707 1693 ἀπὸ
725 1631 847 1713 Κρόνον
866 1628 920 1706 ἕως
938 1632 1055 1704 κτίσεως
1069 1623 1179 1711 Ῥώμης
1196 1628 1269 1692 κατὰ

259 1727 312 1789 τὸν
335 1724 368 1786 ἐν
391 1724 500 1809 σελήνῃ
523 1721 634 1804 δρόμον
656 1719 901 1802 παραφυλαχθεὶς
924 1718 940 1782 ὁ
962 1718 1100 1795 ἐνιαυτός.

324 1815 453 1890 Reliqua
475 1813 537 1872 iam
561 1815 631 1884 sunt
648 1810 793 1888 planiora.
830 1811 994 1871 Saturnum
1011 1813 1088 1872 enim
1105 1812 1270 1890 sequeban-

258 1906 310 1962 tur
327 1901 413 1978 Lydi,
437 1901 500 1960 vini
520 1894 555 1983 (ξ
575 1893 609 1983 3)
629 1902 660 1959 et
677 1899 890 1976 mysteriorum
909 1895 943 1981 (ἓ
962 1895 998 1982 4)
1015 1901 1195 1964 inventores:
1212 1903 1271 1962 huc

261 1992 357 2069 igitur
388 1989 422 2048 αἱ
450 1995 509 2047 τῶν
539 1989 654 2048 Λυδῶν
683 1985 790 2047 τελεταὶ
819 1990 1002 2065 paragraphi
1030 1991 1068 2050 37
1099 1991 1270 2051 referendae

257 2081 337 2139 sunt.
383 2077 447 2136 vini
469 2079 571 2135 autem
599 2080 628 2135 et
654 2075 857 2135 inventionem
880 2079 911 2134 et
933 2077 1079 2137 culturam
1103 2080 1270 2139 accuratius

258 2165 423 2244 descriptas
450 2164 542 2224 fuisse
569 2166 661 2224 testes
688 2165 759 2222 sunt
786 2160 805 2238 ξ
830 2166 864 2237 2,
894 2183 955 2240 qua
982 2165 1080 2242 agitur
1106 2167 1142 2226 de
1169 2166 1271 2227 Liberi

258 2255 354 2334 patris
377 2253 572 2327 satellitibus,
599 2257 629 2312 et
651 2249 671 2327 ξ
691 2255 724 2325 5,
753 2270 830 2328 quae
854 2249 999 2312 Sabinum
1025 2271 1086 2314 esso
1108 2255 1173 2315 volt
1195 2276 1271 2332 eum,

259 2345 314 2422 qui
343 2343 452 2404 severit
481 2343 594 2402 vinum.
640 2338 659 2416 ξ
684 2341 701 2399 6
732 2338 865 2416 alaydis
896 2340 936 2400 ad
964 2339 1088 2403 Graecos
1117 2344 1271 2404 transiisse

258 2434 379 2493 videtin
406 2432 600 2491 Laurentius:
623 2429 672 2503 ibi
701 2430 782 2488 enim
807 2430 989 2506 Messapiam
1005 2427 1076 2493 ’ἀπὸ
1103 2433 1271 2494 Μεσσόπον

260 2521 446 2599 appellatam
469 2538 532 2580 esse
555 2519 637 2594 dicit,
660 2537 752 2596 quam
774 2521 805 2578 et
828 2518 998 2579 Calabriam
1020 2523 1139 2597 vocant3
1161 2520 1271 2582 Messa·

259 2630 334 2688 pum
357 2612 459 2669 autem
481 2627 497 2667 e
519 2607 647 2668 Boeotia
668 2607 701 2666 in
722 2606 844 2666 Italiam
867 2608 1027 2689 emigrasse
1048 2608 1170 2669 tradunt
1191 2614 1271 2670 vete-

260 2693 340 2772 res¹;
364 2697 551 2773 similemque
574 2696 611 2756 ob
635 2713 756 2755 causam
777 2694 942 2756 Lucaniam
964 2697 1080 2758 laudari
1102 2695 1121 2774 ξ
1142 2703 1160 2759 7
1184 2698 1271 2759 facile

259 2784 445 2864 probabitur.
505 2784 696 2862 paragrapho
725 2783 831 2844 deinde
859 2790 967 2846 octava
994 2786 1107 2847 seuitur
1132 2788 1273 2848 Euander

261 2875 365 2950 Arcas,
389 2875 441 2952 qui
483 2874 598 2950 primus
620 2873 739 2933 litteras
761 2873 794 2932 in
811 2873 933 2958 Italiam
956 2878 1048 2951 attut3
1071 2877 1148 2936 unde
1171 2896 1204 2937 eo
1228 2877 1272 2937 di·

259 2964 397 3043 graditur
422 2962 615 3039 Laurentius,
646 2965 683 3022 ut
708 2981 806 3040 pauca
835 2963 989 3024 nobiscum
1016 2966 1209 3026 eommunicet
1236 2967 1273 3025 de

260 3053 432 3112 litterarum
455 3051 537 3128 apud
554 3051 704 3112 Romanos
725 3050 806 3125 fatis,
827 3070 925 3127 neque
948 3071 1016 3111 eum
1037 3054 1211 3114 adscendere
1235 3055 1274 3114 ad

260 3140 432 3200 litterarum
454 3138 658 3200 inventionem
683 3139 781 3216 piget,
810 3158 887 3215 quae
909 3139 1102 3219 Phoenicibus
1129 3142 1275 3210 tribuitur

263 3219 298 3309 (ξ
320 3220 362 3310 9).
401 3227 509 3303 quibus
528 3227 669 3303 expositis
688 3227 727 3286 ad
744 3247 808 3286 rem
826 3227 905 3286 redit
923 3221 998 3305 (ἀλλ’
1018 3225 1181 3309 ἐπανίωμεν
1199 3230 1273 3293 ὅθεν

262 3307 475 3397 ἐξεαλόνομεν),
504 3334 580 3393 quae
609 3314 756 3392 quomodo
783 3334 872 3392 porro
900 3318 1031 3376 tractata
1056 3318 1159 3393 fuerit,
1184 3318 1273 3380 facile

263 3405 364 3466 animo
386 3404 471 3464 nobis
494 3403 606 3482 fingere
629 3421 794 3480 possumus,
816 3403 887 3463 licet
909 3404 1039 3482 plurima
1057 3406 1273 3467 interciderint:

261 3493 399 3554 Euandri
422 3493 509 3570 enim,
538 3491 591 3570 qui
612 3491 765 3552 Palatium
788 3492 933 3570 condidit,
959 3495 1139 3572 temporibus
1160 3495 1274 3557 Hercu·

338 3645 348 3678 ¹
367 3643 539 3769 StraboolX1
552 3648 614 3698 405.
638 3642 733 3714 Stepb.
752 3643 818 3713 Byr.
838 3662 859 3698 s.
873 3662 900 3699 v.
916 3644 1087 3702 Μεσσάπιον.
1112 3646 1223 3702 Solinus
1238 3648 1272 3718 Π,

508 3734 528 3786 Ρ

263 3722 312 3772 12:
333 3714 471 3770 ‘Liciniam
540 3718 605 3769 acet
622 3714 746 3769 aMessa
767 3731 783 3768 ο
801 3731 904 3786 graeco
922 3715 1034 3771 nomine
1048 3717 1205 3788 Messapiae
1224 3719 1274 3774 da-

263 3791 325 3843 tam
340 3786 485 3859 originem,
499 3802 610 3841 versam
623 3788 734 3856 postmo
756 3803 803 3840 um
812 3785 842 3841 in
855 3803 958 3841 nomen
967 3785 1137 3859 Calabriae';
1153 3788 1188 3855 ci
1197 3788 1274 3844 Festi

263 3858 379 3929 epitom.
398 3876 425 3927 p.
442 3863 506 3912 125:
531 3855 685 3928 ‘Messapia
701 3856 826 3928 Appulia
846 3856 1008 3929 aMessapo
1025 3876 1089 3930 rege
1107 3858 1271 3932 appellata!

318 3957 402 3999 Lrnvs
417 3956 451 3997 ed.
461 3956 493 3998 W
497 3967 585 3998 nnnnn
590 3957 613 3998 la
1104 3948 1120 4002 f
