3074 4598
115 511 119 517 ·
228 484 271 550 36
597 484 707 540 LIBER
724 484 879 549 TERTIUS

113 683 115 686 ·
156 653 408 736 ΧῩταττόμενα
431 649 547 735 φωνδις
569 645 758 735 ἐνάρθρους
780 649 967 717 ἀποτελεῖν·
992 663 1060 717 τών
1080 653 1144 740 γάρ
1168 651 1243 738 ἡμι-

227 757 353 842 φώνων
388 757 576 838 ἀναπληροῖ
610 753 648 819 τὸ
680 755 811 841 ἐνδέον,
841 756 1046 844 ὁλοκλήρους
1076 755 1114 825 δὲ
1145 782 1242 824 κοιτα-

228 866 375 945 σκευάζει
402 864 482 939 τοὺς
511 861 702 947 φθόγγους,
736 876 804 930 τῶν
831 861 869 930 δέ
896 865 1042 950 ἀφώνων
1067 865 1178 952 πράττει
1206 890 1242 932 τε

137 1056 140 1061 y
226 970 283 1039 καὶ
315 969 511 1057 μεταβάλλει
540 967 599 1045 τὰς
630 970 764 1055 φύσεις,
796 969 851 1036 ἵνα
878 961 1013 1056 γένηται
1044 973 1084 1038 τά
1115 973 1243 1059 ἀρρητα

164 1083 214 1140 XS
229 1078 321 1164 ῥητά.
365 1072 421 1140 καὶ
444 1078 480 1140 τί
499 1085 790 1162 μακρηγοροῦμεν,
817 1076 899 1145 ὅταν
928 1076 1007 1146 οὐδὲ
1028 1078 1048 1165 η
1071 1089 1139 1145 τῶν
1159 1080 1241 1146 ύδά·

201 1207 214 1248 ι
228 1208 296 1249 των
310 1184 411 1267 φύσις
424 1180 486 1261 ἔξω
500 1189 558 1264 τῆς
577 1181 750 1266 δυνάμεως
762 1191 820 1266 τῆς
837 1180 980 1262 ἑπτάδος
997 1185 1241 1267 ἀπολέλειπται;

227 1290 246 1356 δ
260 1298 346 1373 γοῦν
358 1289 542 1365 Διονύσιος
561 1286 597 1353 έν
615 1299 687 1367 ταῖς
699 1291 840 1356 Κτίσεσί
854 1307 949 1374 φησι,
967 1291 1026 1357 τὸν
1041 1293 1241 1359 Χαλκιδικὸν

228 1396 382 1480 Εὔριπον
412 1393 544 1471 ἑπτάκις
572 1392 649 1460 καθ’
676 1394 803 1483 ἡμέραν
825 1398 1053 1482 στρεφόμενον
1080 1400 1163 1465 κατὰ
1182 1402 1241 1484 μό·

187 1509 289 1581 Χνας
318 1505 377 1582 τάς
406 1500 593 1588 ἑβδομάδας
622 1499 788 1569 ἵστασθαι.
831 1500 887 1568 καί
918 1500 951 1580 ἐξ
983 1503 1085 1569 αὐτοῦ
1115 1499 1152 1568 δὲ
1179 1515 1240 1572 τοῦ

187 1635 214 1674 10
227 1619 351 1694 νοητοῦ
383 1611 505 1685 αἰῶνος
536 1609 606 1672 ἔστι
634 1608 785 1674 συνιδεῖν
810 1611 889 1687 τοὺς
916 1607 1108 1695 ἀρτέμονας·
1140 1612 1241 1676 συνά-

226 1741 343 1800 γονται
366 1712 428 1801 μὲν
454 1716 519 1800 γάρ
546 1723 681 1800 πρῶτον
703 1712 737 1793 ἐξ
766 1716 876 1800 ώρῶν,
909 1710 981 1781 εἶτα
1001 1715 1142 1802 ἡμερῶν,
1169 1712 1240 1783 εἶτα

227 1821 433 1908 ἑβδομάδων,
455 1825 568 1888 ἔπειτα
585 1832 710 1906 μηνῶν,
734 1816 803 1887 εἶτα
821 1819 995 1908 ἐνιαυτῶν,
1018 1821 1147 1890 έκεῑθεν
1168 1847 1239 1891 και-

227 1940 308 2016 ρῶν,
329 1927 386 1996 καὶ
409 1929 447 1996 τὸ
473 1928 593 1995 λοιπὸν
611 1929 754 2014 αἰώνων,
776 1929 858 2014 πρὸς
880 1930 919 1995 τὸ
943 1928 1127 2016 ἀρχέτυπον
1150 1925 1239 2009 εἶδος

226 2046 287 2103 τοῦ
310 2046 434 2123 νοητοῦ
457 2034 512 2103 καὶ
534 2044 760 2124 πατρογευοῦς
783 2037 912 2116 αἰῶνος.

184 2486 212 2529 ιι
513 2450 676 2543 LIBER
709 2450 949 2525 TERTIUS.

182 2596 208 2650 x
625 2584 840 2661 Πειλιιινός·

192 2727 210 2784 s
294 2714 322 2778 l.
340 2712 411 2779 Ὅτι
430 2711 627 2799 Ἀνάχαρσις
649 2712 667 2779 ό
691 2714 830 2797 ὣιύθης
852 2716 917 2799 έφη
941 2716 1150 2798 φιλονεικίαν
1167 2724 1291 2779 deesth

225 2818 385 2902 γενέσθαι
398 2815 479 2885 ποτέ
487 2819 687 2901 Αἰγυπτίοις
699 2817 754 2884 καὶ
766 2820 921 2896 Σκύθαις
934 2818 1010 2904 περὶ
1023 2819 1237 2904 ἀρχαιότητος

226 2922 401 3011 ἑκατέρων,
424 2931 506 3000 ίσως
524 2923 557 3002 ἐξ
576 2921 740 3010 ἑκατέρων
757 2936 824 2991 τῶν
846 2926 979 3010 άρκτων
999 2922 1152 3010 προέχειν
1169 2937 1237 2991 τῶν

185 3056 212 3096 ιο
224 3032 427 3117 πραγμάτων
450 3028 645 3113 ἀξιούντων,
667 3036 825 3115 κριθῆναι
844 3027 882 3095 δὲ
905 3032 984 3108 τοὺς
997 3032 1137 3108 Σκύθας
1149 3025 1236 3097 εἶναι

224 3136 472 3224 πρεσβυτέρους
506 3137 562 3203 διά
593 3137 630 3202 τὸ
662 3133 718 3201 καὶ
748 3136 813 3202 ὑπὸ
844 3137 907 3220 τὴν
939 3139 1083 3223 μεγάλην
1113 3139 1237 3223 ἄρκτου

296 3313 321 3350 v.
343 3299 358 3348 7
375 3292 458 3352 Dion.
477 3293 602 3349 Chalcid.
620 3291 673 3364 frg.
692 3297 718 3362 8,
736 3291 818 3349 FHG
834 3292 874 3347 IV
888 3298 941 3348 395

296 3455 321 3491 v.
336 3441 354 3490 4
372 3437 470 3505 φύσεις
484 3436 577 3492 αὐτῶν
600 3436 629 3490 Υ
708 3433 820 3507 δδητά.
856 3435 969 3505 reliqua
986 3436 1179 3492 desiderantur
1200 3438 1230 3494 Y

224 3507 275 3564 ubi
295 3510 451 3578 sequuntur
469 3505 512 3563 ότι
530 3506 717 3579 φεβρουάριος
729 3539 765 3548 -
778 3506 949 3576 φειδομένως
965 3506 1063 3577 μοίρας
1078 3524 1093 3562 e
1110 3507 1183 3563 libro
1196 3482 1236 3565 III

224 3585 294 3646 §10
318 3579 469 3650 desumpta
493 3580 527 3648 (v.
547 3579 584 3633 ad
605 3597 633 3649 p.
647 3583 695 3648 48,
711 3581 737 3649 6)
766 3580 771 3649 1
799 3576 865 3632 οὐδὲ
889 3577 908 3648 ἡ
933 3588 988 3634 τῶν
1009 3580 1120 3636 θδάτωτ
1141 3579 1239 3638 ίιιο.δ

225 3657 241 3707 δ
261 3648 457 3706 ἀπολέλειπται
476 3649 520 3719 Χ,
542 3649 716 3704 ἀποτελεῖται
734 3649 758 3705 S
826 3655 841 3703 7
860 3648 891 3706 ἐν
910 3659 973 3713 ταῖς
989 3647 1090 3706 κτίσεσι
1108 3650 1187 3707 omis.
1205 3653 1235 3722 S,

225 3720 335 3791 κτήσιοι
349 3723 377 3778 A
392 3727 397 3790 Ι
413 3720 583 3793 χαλκηδικδν
597 3720 753 3790 ἔριππονδ
821 3726 837 3774 9
852 3719 993 3776 ἵστασθαι.
1013 3722 1121 3792 reliqua
1135 3722 1236 3778 desunt

225 3792 249 3850 S
319 3800 353 3849 10
371 3792 525 3863 ἀρτίμονας
541 3793 569 3848 A
642 3799 675 3848 16
694 3790 725 3846 ἐκ
743 3802 798 3848 τῶν
814 3793 879 3862 περὶ
898 3791 985 3863 μηνός
1001 3793 1028 3848 A
1050 3793 1154 3850 ἐκτῶν
1171 3796 1235 3863 περὶ

225 3873 321 3936 μηνῶν
339 3865 368 3921 Β
