3074 4598
318 432 422 490 LXXII
722 433 926 491 PRAEFATIO

318 603 497 683 legebantur
515 606 595 683 apud
607 605 797 680 Roetherum,
814 623 874 664 una
892 623 957 664 cum
975 602 1055 662 illius
1071 600 1205 662 versione
1218 597 1333 679 Latina

319 693 429 755 iterum
451 694 644 773 impressisse,
666 692 761 770 iisque
783 693 951 773 fragmenta
975 690 1137 765 Gaseolina,
1163 689 1266 767 qualia
1289 684 1330 746 ab

321 783 424 843 eodem
450 784 544 843 Hosio
572 783 659 841 erant
685 784 801 858 curata,
830 783 1016 857 subornasse,
1042 780 1093 840 vix
1115 778 1227 839 duobus
1254 776 1330 837 locis

320 872 356 931 de
383 891 436 932 suo
464 870 574 930 additis
602 869 790 945 coniecturis,
817 872 923 948 quibus
951 868 1124 947 corruptelis
1149 867 1329 927 mederetur.

318 964 388 1037 post
412 958 542 1020 Bekkeri
571 961 673 1016 autem
702 958 860 1018 editionem
885 959 929 1018 nil
954 960 1024 1019 novi
1056 957 1188 1018 adlatum
1216 959 1262 1016 est
1288 953 1329 1014 ad

317 1047 396 1125 Lydi
419 1047 455 1107 de
476 1044 627 1106 mensibus
650 1043 772 1120 librum,
800 1048 928 1124 exceptis
954 1048 1056 1125 paucis
1083 1046 1167 1122 locis,
1198 1063 1328 1122 quorum

319 1154 421 1197 curam
442 1134 612 1195 habuerunt
632 1133 690 1194 viri
713 1133 800 1210 docti,
828 1154 951 1212 quorum
977 1136 1111 1212 nomina,
1136 1138 1172 1194 ut
1192 1152 1249 1212 par
1272 1134 1327 1208 est,

316 1226 350 1284 in
372 1225 520 1301 apparatu
543 1243 632 1301 quem
653 1225 762 1282 vocant
783 1223 885 1284 critico
909 1227 1093 1284 enumeratos
1115 1223 1255 1284 invenies

168 1291 306 1445 ’ἕέἓφῖῗ
381 1312 461 1372 Iam
475 1317 576 1372 autem
603 1330 652 1385 ea,
685 1329 760 1387 quae
786 1311 929 1373 hactenus
958 1313 1084 1373 diximus
1114 1313 1149 1371 de
1176 1312 1327 1388 subsidiis,

169 1395 300 1489 ‚mm
315 1420 391 1479 quae
410 1402 495 1462 nobis
514 1401 553 1461 ad
571 1397 755 1461 restituenda
768 1398 962 1460 Laurentiani
981 1401 1078 1477 operis
1095 1401 1185 1459 verba
1203 1404 1326 1476 praesto

313 1494 392 1567 sunt,
414 1509 473 1550 uno
498 1490 630 1551 omnium
653 1487 786 1547 codicum
809 1489 859 1564 qui
877 1491 1035 1566 supersunt
1052 1491 1141 1564 atque
1160 1489 1326 1548 editionum

314 1599 390 1658 quae
419 1581 522 1640 extant
549 1578 743 1652 conspectu
769 1576 860 1636 liceat
886 1577 1049 1654 complecti.
1095 1593 1152 1652 quo
1175 1576 1207 1634 in
1235 1579 1326 1635 stem·
1338 1590 1342 1596 ·

312 1671 393 1728 mate
410 1669 467 1727 boc
484 1667 645 1726 tenendum
665 1667 718 1740 est,
739 1665 886 1724 rationem
904 1684 1012 1740 eorum,
1032 1664 1083 1740 qui
1101 1664 1226 1724 fortasse
1244 1664 1326 1724 inter

311 1757 461 1834 integrum
483 1754 604 1814 Ioannis
627 1752 704 1830 Lydi
726 1751 848 1829 librum,
871 1753 987 1814 saeuilo
1009 1755 1092 1813 sexto
1116 1754 1324 1830 conscriptum,

312 1847 344 1903 et
364 1843 559 1904 recentiorem
582 1841 732 1920 quandam
754 1842 817 1903 eius
840 1843 1000 1919 epitomum
1022 1843 1252 1904 intercessenmt
1275 1861 1323 1902 co·

312 1933 405 2006 dices,
436 1934 502 1991 tum
527 1931 665 1991 habitam
686 1949 746 1991 non
772 1951 848 2007 esse,
880 1952 947 1992 cum
968 1933 1041 1992 certi
1062 1932 1139 1992 nihil
1159 1932 1196 1991 de
1220 1952 1326 1993 eorum

310 2024 420 2080 natura
443 2023 600 2081 constaret.
637 2019 687 2079 ubi
710 2040 779 2081 vero
801 2022 882 2081 haud
898 2022 944 2080 ita
966 2025 1045 2082 certo
1064 2021 1238 2082 statuendus
1258 2023 1332 2082 erat.

310 2128 412 2185 nexus,
435 2127 495 2186 quo
513 2109 680 2187 iunguntur
699 2109 892 2187 archetypum
915 2113 946 2171 et
967 2110 1148 2189 apographa,
1169 2110 1258 2171 lineis
1276 2110 1334 2189 in·j

309 2198 455 2275 terruptis
472 2215 546 2257 usus
569 2215 636 2257 snm
658 2198 691 2256 in
712 2197 886 2259 delineando
909 2202 1078 2275 stemmate,
1100 2201 1184 2259 uncis
1203 2198 1237 2258 in
1259 2199 1323 2258 ima

181 2308 184 2314 ·
310 2288 423 2366 pagina
449 2285 559 2346 additis
585 2285 748 2361 indicatur,
776 2288 896 2363 quinam
923 2288 1035 2348 codices
1063 2306 1081 2348 a
1107 2287 1233 2365 singulis
1261 2286 1332 2347 edi-¹

309 2375 425 2436 toribus
444 2374 505 2435 sint
521 2374 658 2448 adhibiti,
676 2375 859 2435 saeculorum
875 2395 1011 2437 numeros
1028 2376 1059 2434 in
1077 2376 1210 2455 margine
1229 2375 1322 2435 adno-

253 2464 382 2583 umtavi.
422 2464 540 2539 reliqua
562 2463 691 2538 denique
713 2482 766 2539 per
788 2483 818 2523 se
840 2465 999 2525 manifesta
1021 2483 1083 2526 esse
1106 2483 1200 2541 spero.

378 2551 568 2611 Enumeratis
591 2551 648 2610 tali
670 2551 756 2612 modo
779 2551 926 2630 subsidiis,
950 2573 1025 2631 quae
1047 2555 1166 2630 praesto
1190 2556 1260 2613 sunt
1283 2554 1322 2628 ei,

311 2639 363 2715 qui
385 2639 463 2716 Lydi
485 2641 521 2700 de
543 2638 693 2699 mensibus
711 2639 821 2699 librum
837 2643 1021 2703 tractaturus
1040 2646 1093 2712 est,
1117 2645 1261 2720 superest,
1284 2647 1331 2702 ut·

309 2729 455 2787 nonnulla
473 2728 578 2800 ,dicam
606 2729 642 2786 de
670 2727 835 2803 consilio,
857 2730 947 2807 ‘quod
972 2732 1003 2789 in
1033 2731 1086 2792 illo
1115 2731 1190 2791 libro
1222 2730 1320 2792 denuo

310 2814 422 2874 edendo
446 2819 564 2875 secutus
587 2816 652 2875 sim
698 2816 781 2875 cuius
804 2819 919 2877 consilii
942 2820 1072 2895 primm
1095 2822 1172 2896 erat,
1199 2824 1235 2880 ut
1258 2820 1319 2880 edi·

308 2903 449 2977 tionibus,
472 2922 550 2979 quae
574 2904 612 2962 ad
634 2904 712 2963 hunc
730 2903 808 2963 diem
825 2907 1005 2981 prodierunt,
1029 2927 1097 2967 cum
1115 2909 1213 2969 studio
1231 2929 1319 2986 pera·

307 2990 402 3065 ratis,
418 3009 512 3050 novas
535 2991 709 3052 collationes
732 3010 834 3052 eorum
855 2995 928 3054 mihi
951 3015 1152 3074 compararem
1175 2998 1320 3076 codicum,

310 3079 362 3155 qui
384 3077 421 3137 ab
445 3078 608 3139 editoribus
631 3084 716 3140 erant
738 3081 873 3157 adhibiti,
900 3083 1004 3144 deinde
1025 3088 1061 3144 ut
1083 3105 1269 3163 quaererem,
1292 3089 1318 3148 si

308 3167 386 3226 forte
404 3167 523 3245 ignotos
541 3167 640 3228 adhuc
657 3174 774 3245 praeter
787 3170 854 3230 illos
868 3172 1047 3251 investigare
1062 3192 1178 3250 possem
1193 3176 1317 3237 codices.

309 3273 438 3331 quorum
461 3273 529 3314 cum
546 3256 705 3316 nonnullos
722 3260 894 3333 reperissem
911 3261 1047 3321 uberiora
1064 3262 1219 3323 Laurentii
1237 3266 1318 3343 frag-

307 3346 410 3402 menta
432 3345 609 3419 complexos,
636 3344 761 3404 aliorum
787 3347 959 3425 plerumque
982 3352 1137 3410 auctorum
1159 3355 1318 3413 sententiis

209 3473 211 3478 -
307 3432 457 3506 immixta,
489 3431 687 3491 curandum
677 3451 738 3491 iam
761 3438 837 3509 erat,
868 3438 903 3494 ut
929 3456 964 3495 ex
989 3438 1035 3497 his
1063 3458 1111 3514 ea,
1143 3459 1219 3516 quae
1246 3462 1317 3502 vere

306 3518 392 3596 Lydo
416 3522 515 3579 essent
535 3519 704 3595 tribuenda,
726 3525 905 3598 eruerentur,
928 3529 1013 3585 eruta
1035 3528 1097 3587 suis
1120 3528 1192 3588 locis
1211 3530 1316 3589 verbo·

306 3628 374 3666 rum
404 3608 554 3667 contextui
586 3609 791 3668 insererentur.
841 3613 930 3688 atque
962 3614 997 3672 de
1027 3615 1207 3692 rationibus,
1241 3637 1317 3695 quas

307 3698 427 3756 secutus
449 3696 581 3773 singulas
604 3697 745 3772 reliquias
766 3696 871 3757 loanni
894 3701 1117 3779 vindicaverim,
1144 3721 1233 3781 supra
1257 3708 1326 3767 dis·

308 3783 385 3842 sei-ui
410 3784 562 3842 occasione
581 3784 663 3860 data,
684 3785 824 3862 itemque,
848 3788 952 3862 quibus
971 3791 1065 3851 causis
1084 3797 1247 3854 commotus
1266 3797 1326 3855 ex·⁴
