3074 4598
257 403 311 460 XX
662 397 869 456 PRAEFATIO

261 573 406 650 occurrit,
437 592 467 650 p.
494 572 580 647 4‚17
611 570 737 644 uterque
759 586 863 628 uocem
896 563 1020 645 ψήφους
1052 566 1179 647 omittit,
1212 586 1275 647 qua

260 662 371 724 omissa
394 661 543 722 claudicat
565 655 723 718 sententia.
758 674 856 732 neque
877 657 978 716 tamen
996 659 1049 717 aut
1061 659 1089 717 R
1102 678 1118 719 e
1133 659 1273 720 lischeu·

260 751 394 814 dorfiano
427 751 481 810 aut
510 748 561 807 ille
589 764 626 805 ex
655 743 711 805 hoc
743 746 789 804 est
824 735 997 821 exseiiptus:
1026 748 1161 824 proprias
1194 748 1274 810 enim

259 843 387 918 uterque
420 835 551 899 servavit
580 834 736 908 lectiones,
772 831 826 892 ubi
856 832 1072 896 contaminatus
1111 837 1187 898 alter
1218 841 1274 915 est,

261 931 339 990 alter
367 929 497 1005 integer3
528 922 658 1000 exempli
689 940 778 982 causa
807 922 955 999 proferam
982 923 1274 987 Tischendorlianum

259 1017 477 1095 interpolatum
497 1013 544 1075 his
566 1012 653 1074 locis:
675 1033 704 1090 p.
728 1012 758 1087 3,
768 1013 811 1072 20
833 1009 1020 1092 Αὐγουστείω
1044 1005 1203 1095 (senoreto)
1221 1012 1274 1094 R),

259 1127 288 1184 p.
305 1107 387 1182 6,14
402 1100 551 1165 catum
565 1099 711 1183 (σκέπεται
724 1093 775 1183 Β).
808 1102 841 1161 at
853 1118 954 1161 veram
966 1103 1097 1162 servavit
1113 1103 1272 1164 lectionem

259 1195 306 1255 his
328 1193 417 1269 locis,
441 1192 545 1270 quibus
569 1194 727 1269 corruptus
751 1191 797 1250 est
818 1190 858 1250 R:
879 1209 909 1267 p.
923 1189 952 1266 3,
966 1191 1007 1250 22
1026 1186 1154 1253 ἅσκεπον
1174 1189 1272 1272 (doae-

259 1303 333 1344 arou
351 1274 403 1366 R),
425 1303 455 1360 p.
470 1284 499 1358 d,
510 1284 550 1344 13
575 1289 659 1361 στῆτε
678 1276 791 1360 Πέρσαι
809 1275 934 1360 (Πέρσαι
953 1278 1039 1354 omis,
1049 1276 1098 1359 R).
1134 1281 1272 1362 adsigne-

258 1390 327 1433 mus
350 1371 446 1451 igitur
472 1372 552 1433 Bet
575 1368 867 1432 lisohendorfianum
892 1366 945 1428 uni
973 1366 1125 1445 eidemque
1148 1371 1272 1431 arohe-

259 1454 380 1539 typo,²
411 1459 490 1538 quod
520 1463 622 1520 tamen
653 1478 719 1537 oum
747 1459 821 1536 ipsis
849 1455 1005 1518 Laurentii
1034 1456 1180 1519 codicibus
1210 1478 1272 1520 non

260 1568 377 1628 semper
404 1549 574 1628 congruisse
603 1548 824 1609 demonstratur
850 1565 899 1625 eo,
926 1544 1005 1624 quod
1025 1566 1055 1624 p.
1078 1547 1157 1621 4,17
1183 1548 1271 1608 omit·

255 1639 336 1699 titur
349 1657 410 1699 vox
422 1637 557 1717 ψήφους,
574 1638 607 1696 in
621 1637 756 1698 codicum
768 1637 796 1697 X
809 1635 975 1698 recensione
987 1637 1105 1695 servata
1119 1626 1162 1717 (p.
1173 1628 1270 1718 64,3).

259 1727 292 1787 in
315 1725 460 1802 editione,
482 1745 518 1787 ne
541 1728 696 1787 oneratam
718 1725 792 1785 satis
814 1724 1009 1803 plissimorum
1032 1723 1164 1785 codicum
1186 1723 1272 1804 siglis

260 1819 291 1875 et
312 1814 492 1876 lectionibus
513 1814 581 1892 plus
603 1813 684 1875 iusto
707 1832 872 1893 gravarem,
893 1833 987 1893 neque
1006 1813 1112 1876 codicis
1132 1813 1271 1875 Tischer-

260 1901 387 1964 dorfiani
414 1923 510 1980 neque
536 1903 618 1965 illius
647 1903 802 1981 archetypi
828 1905 916 1965 notas
940 1904 1051 1982 recepi3
1078 1904 1109 1964 in
1136 1904 1272 1966 codicum

260 1995 420 2053 stemmate
442 1991 522 2052 inira
544 1995 666 2054 exarato
689 1992 882 2071 archetypum
899 1992 1038 2055 asterisco
1055 1994 1168 2069 notavi,
1191 1992 1271 2070 quod

160 2115 162 2120 ·
261 2081 396 2142 omnium
419 2080 641 2159 deperditorum
664 2082 797 2143 codicum
819 2082 936 2162 signum
958 2100 1021 2144 esse
1043 2082 1133 2144 volui

326 2169 454 2231 Praeter
465 2170 518 2232 hos
537 2173 640 2232 autem
657 2170 730 2232 duos
753 2171 867 2232 codices
885 2171 937 2232 alii
955 2190 1073 2249 quoque
1093 2169 1271 2248 superstites

203 2264 233 2293 ἀ’
261 2261 332 2319 sunt
352 2262 447 2320 testes
470 2277 584 2338 eorum,
617 2277 695 2336 quae
720 2257 753 2318 in
779 2259 875 2337 primo
901 2259 1085 2337 secundoque
1112 2259 1219 2321 codicis
1242 2258 1270 2318 R

213 2417 215 2420 ⁵
260 2346 410 2425 capitibus
432 2351 607 2408 narrantur:
631 2346 775 2414 Suidam
793 2347 859 2409 dico
882 2351 913 2408 et
929 2349 1080 2408 auctorem
1103 2346 1270 2429 Πατρίων

258 2435 682 2509 Κωνσταντινουπόλεως.
727 2454 763 2496 ao
789 2436 825 2496 de
852 2455 942 2512 nexu,
969 2434 1023 2514 qui
1051 2435 1129 2495 inter
1156 2436 1210 2498 hos
1238 2439 1270 2497 et

259 2523 416 2584 Laurentii
430 2523 543 2586 codices
556 2525 645 2585 modo
658 2523 796 2586 laudatos
809 2524 972 2602 intercedit,
991 2523 1172 2601 scripserunt
1190 2543 1268 2585 com·

258 2613 359 2690 plures
373 2613 432 2673 viri
446 2612 539 2690 docti,
556 2613 671 2674 scilicet
688 2612 826 2673 Schultae
846 2616 959 2690 quaest.
971 2611 1046 2689 Lyd
1059 2632 1088 2688 p.
1103 2614 1132 2689 5,
1151 2612 1268 2673 Traube

257 2700 373 2761 Libum
407 2701 473 2762 crit.
503 2722 532 2779 p.
564 2702 621 2778 28,
655 2699 767 2780 Preger
796 2701 1022 2780 programmatis
1057 2701 1145 2762 modo
1181 2701 1269 2762 allati

257 2808 287 2866 p.
312 2790 354 2850 28
378 2807 452 2866 sqq,
475 2791 526 2851 sed
553 2788 694 2866 quoniam
720 2809 774 2850 nec
802 2787 910 2849 Suidae
936 2808 990 2850 nec
1012 2789 1150 2870 Πατρίων
1174 2789 1268 2850 verba

258 2876 315 2936 ulli
337 2877 407 2936 usui
429 2879 499 2937 sunt
519 2876 676 2936 Isaurentii
696 2876 806 2936 librum
827 2878 980 2938 restituere
999 2877 1183 2953 conantibus,
1204 2896 1268 2938 rem

258 2967 358 3025 actam
390 2983 479 3044 agere
508 2984 569 3026 uon
605 2965 695 3040 libet3
729 2963 785 3025 hoc
820 2968 938 3025 tantum
968 2984 1119 3042 moneam,
1152 2970 1269 3027 uuum·

259 3073 318 3131 que
341 3057 495 3115 auctorem
521 3054 630 3114 adiisse
660 3053 773 3114 codices
802 3056 969 3114 nostrorum
997 3055 1116 3132 quidem
1145 3054 1267 3130 similes,

258 3141 311 3203 sed
332 3161 393 3203 non
416 3142 546 3219 eosdem3
568 3142 630 3204 alio
653 3161 689 3202 ex
709 3142 792 3203 fonte
814 3142 921 3203 hausta
942 3161 1005 3204 esse
1028 3162 1077 3219 ea,
1099 3143 1205 3222 quibus
1229 3142 1267 3203 ab

258 3231 286 3289 R
309 3231 340 3290 et
363 3230 621 3292 lischendorfiano
651 3229 820 3308 discrepant
849 3229 953 3293 Suidas
983 3236 1014 3294 et
1040 3232 1167 3313 Hu'upur3
1198 3251 1267 3310 pro·

258 3319 327 3396 pius
351 3319 390 3379 ad
412 3318 607 3380 Laurentium
634 3318 771 3381 accedere
800 3319 933 3397 Suidam,
958 3320 1075 3400 longius
1103 3321 1140 3382 ab
1164 3339 1199 3382 eo
1223 3319 1266 3380 di·

259 3410 339 3468 stare
361 3407 486 3488 Πάτρια.

142 3518 233 3568 aaa„
327 3494 463 3574 (tumque
489 3495 544 3558 hoc
570 3496 636 3558 loco
663 3495 850 3558 inciderimus
877 3497 909 3558 in
931 3488 1039 3559 Sdidee
1065 3497 1266 3578 lexicographi

334 3699 343 3733 ¹
368 3700 559 3758 intercessisse
586 3701 674 3757 talem
698 3700 823 3758 codicem
851 3701 924 3759 inter
947 3702 1055 3774 Lydum
1079 3705 1108 3759 et
1133 3702 1265 3760 nechea

258 3769 415 3840 dordunum
433 3771 506 3828 dixit
522 3772 662 3829 ‘lbanbius
680 3789 799 3844 quoque,
816 3773 923 3830 Libana
942 3775 1001 3832 erit.
1021 3794 1048 3848 p.
1068 3779 1109 3830 29.
