3074 4598
285 427 399 483 cxxiv
692 427 899 486 PRAEFATIO

284 601 388 676 cerpta
414 599 470 658 illa
498 597 712 674 distribuerim,
740 599 831 659 semel
858 599 1022 676 iterumque
1048 597 1163 658 monui:
1192 597 1300 675 quibus

284 687 429 749 hocloco
453 687 624 748 addendum
650 690 708 763 est,
734 707 790 765 pro
817 688 1008 750 fundamento
1036 707 1104 748 eum
1129 687 1300 748 habendum

286 795 349 837 esse
372 777 611 857 fragmentorum
633 776 775 854 ordinem,
800 779 852 855 qui
872 797 890 838 a
909 778 1056 840 codicibus
1073 777 1253 837 recensionis
1270 777 1300 836 X

284 866 424 942 traditur,
453 867 565 943 quippe
595 883 667 941 quos
689 868 824 943 proxime
852 868 891 927 ad
912 869 1003 945 ipsius
1026 866 1181 926 Laurentii
1207 867 1299 926 verba

285 956 425 1017 accedere
447 955 510 1013 iam
533 972 568 1013 eo
592 953 758 1031 doceamur,
781 955 861 1033 quod
882 956 938 1016 soli
955 957 1138 1036 singulorum
1154 955 1300 1016 librorum

286 1044 509 1105 distinctionem
532 1044 716 1106 servaverint
739 1048 770 1105 et
791 1045 907 1106 titulos.
950 1045 996 1105 bis
1019 1044 1153 1106 codicum
1169 1045 1198 1104 X
1217 1045 1298 1123 frag·

284 1133 395 1194 mentis
420 1131 580 1193 inserenda
607 1137 693 1195 erant
721 1133 962 1212 apographorum
987 1134 1015 1192 Y
1041 1136 1192 1210 excerptas
1220 1152 1298 1210 quae

284 1241 332 1283 res
361 1241 379 1281 a
402 1221 538 1284 Schowio
569 1223 721 1301 quondam
746 1221 889 1283 instituta
916 1222 954 1282 ad
981 1221 1070 1282 finem
1098 1225 1164 1282 erat
1189 1222 1297 1299 perdu-

284 1311 391 1385 cenda3
411 1331 470 1388 quo
494 1313 574 1374 facto
597 1312 636 1372 ad
657 1312 792 1373 locorum
809 1311 933 1371 interX
954 1310 1029 1370 etY
1051 1310 1299 1371 consentientium

283 1400 374 1460 fidem
395 1401 547 1479 plerisque
570 1401 707 1479 partibus
730 1400 794 1461 sine
817 1400 880 1460 ulla
903 1398 1077 1460 difficultate
1099 1398 1190 1458 inseri
1214 1403 1297 1476 pote·

283 1493 355 1549 rant
377 1490 514 1551 codicum
535 1490 567 1550 H
589 1494 620 1550 et
638 1490 658 1550 S
681 1488 823 1563 ausimo,
844 1507 941 1566 neque
958 1488 1143 1564 reliquorum
1163 1486 1299 1548 codicum

284 1571 369 1661 (PR)
397 1579 540 1639 auctariis
571 1597 625 1638 sua
654 1578 727 1638 sede.
752 1577 929 1652 recipiendis
958 1576 1122 1654 quidquam
1150 1573 1298 1648 obstabat,

285 1667 359 1745 quia
380 1666 519 1744 Lydiana
542 1685 573 1726 se
597 1683 659 1726 esse
681 1663 879 1725 ostendebant
901 1684 949 1741 eo,
976 1662 1055 1741 quod
1082 1665 1206 1740 eparte
1230 1681 1298 1723 con·

282 1754 454 1815 sentiebant
477 1773 547 1815 cum
570 1754 673 1831 aliqua
690 1753 728 1812 de
745 1752 896 1813 mensibus
914 1752 984 1813 libri
1000 1751 1198 1832 paragrapho,
1218 1751 1298 1812 unde

283 1844 441 1903 inserenda
458 1842 596 1903 illa'esse
614 1842 687 1920 ipsis
705 1841 776 1920 illis,
801 1841 976 1920 quibuscum
994 1842 1205 1920 conspirarent,
1222 1841 1297 1902 locis

282 1933 408 2010 planum
436 1933 509 1991 crat
556 1931 736 1992 accedebant
766 1934 869 1992 autem
897 1932 947 2009 iis,
977 1950 1052 2010 quae
1081 1931 1137 1992 tali
1165 1931 1253 1990 modo
1282 1950 1298 1991 e

281 2020 433 2081 codicibus
456 2020 527 2081 libri
545 2021 581 2080 de
598 2020 751 2081 mensibus
768 2020 899 2098 recipere
917 2021 1033 2097 licebat,
1055 2020 1200 2082 nonnulla
1216 2020 1298 2099 frag·

282 2113 385 2170 menta
413 2109 511 2171 libelli
539 2111 623 2171 illius
651 2110 684 2169 iu
715 2108 784 2171 aliis
815 2110 952 2187 operibus
980 2112 1111 2171 serrata:
1141 2128 1219 2186 quae
1245 2108 1298 2168 ubi

283 2199 510 2260 consentiebant
533 2219 601 2259 curn
622 2198 720 2260 verbis
739 2197 884 2276 Lydianis
906 2198 1025 2259 aliunde
1044 2197 1133 2273 notis,
1153 2198 1187 2284 in
1205 2214 1297 2275 appa·

280 2291 383 2347 ratum
406 2291 479 2348 suut
501 2289 651 2367 ablegata,
672 2287 727 2348 ubi
748 2306 820 2348 vero
843 2287 914 2356 novi
936 2285 1049 2364 aliquid
1070 2285 1242 2360 afferebant,
1263 2287 1296 2344 in

280 2377 382 2453 ipsum
411 2375 573 2437 verborum
600 2379 770 2438 contextum
796 2379 925 2452 recepta.
967 2374 1054 2435 huius
1083 2393 1153 2434 vero
1181 2375 1297 2453 generis

282 2485 320 2524 ea
338 2468 416 2540 sunt,
441 2484 518 2542 quae
542 2465 690 2542 exipsius
708 2464 868 2524 Laurentii
888 2465 973 2541 libro,
994 2463 1043 2525 cui
1061 2462 1097 2523 de
1114 2463 1297 2542 magistrati-

280 2553 339 2614 bus
365 2553 474 2631 populi
500 2554 629 2615 Romani
655 2553 840 2630 inscribitur,
872 2555 1000 2630 excerpsi
1024 2573 1052 2631 p.
1073 2553 1297 2629 16,16-17,

286 2644 326 2701 15
351 2646 382 2702 et
406 2644 646 2718 180,10-16:
668 2642 729 2702 illis
753 2643 832 2701 enim
855 2643 997 2719 expressis
1018 2641 1115 2702 verbis
1139 2639 1177 2699 ad
1198 2642 1297 2701 resin

282 2731 358 2790 libro
382 2730 419 2789 de
444 2732 597 2792 mensibus
619 2733 766 2790 tractatas
787 2731 955 2808 relegamur
977 2730 1014 2790 ab
1036 2733 1165 2789 auctore.
1204 2732 1294 2805 atque

281 2818 384 2895 priora
399 2817 520 2894 quidem
538 2820 707 2897 fragmenta
723 2817 801 2877 libro
818 2818 915 2893 primo
931 2819 1060 2878 tribuere
1074 2819 1119 2877 fas
1133 2820 1207 2892 erat,
1226 2819 1296 2893 quia

283 2907 321 2966 ab
337 2906 473 2967 omnibus
487 2907 691 2968 Romanorum
704 2906 846 2965 instituta
859 2925 1012 2982 moresque
1028 2905 1234 2966 describuntur
1248 2925 1296 2965 eo·

284 2994 352 3054 dem
374 2994 472 3069 modo,
496 3015 556 3073 quo
580 2995 616 3055 de
638 2994 744 3054 iisdem
765 2993 854 3054 rebus
876 2994 1015 3055 fusiorem
1036 2994 1126 3054 fuisse
1144 2997 1297 3054 auctorem

284 3087 416 3144 extrema
439 3083 510 3143 libn'
531 3083 614 3144 illius
636 3085 723 3161 parte
745 3082 965 3143 demonstratur
986 3082 1119 3143 codicum
1135 3083 1196 3142 XY
1215 3083 1295 3163 trag·

283 3174 401 3234 mentis.
447 3172 554 3233 ultimo
582 3190 653 3233 vero
679 3171 862 3251 fragmento,
892 3172 970 3249 quod
995 3172 1081 3248 posui
1103 3171 1134 3230 in
1157 3172 1295 3233 editionis

283 3283 312 3339 p.
334 3263 412 3337 180,
439 3261 558 3321 nullum
584 3263 662 3322 inest
688 3260 845 3336 indicium,
872 3260 904 3320 in
932 3279 1060 3337 quanam
1086 3260 1183 3336 operis
1209 3265 1295 3336 parte

155 3347 267 3438 ἐξὲξ·
285 3353 358 3410 clim
376 3351 518 3426 extiterit,
539 3369 630 3428 qnare
647 3349 724 3409 illud
741 3350 872 3409 incertae
891 3348 967 3410 sedis
984 3349 1158 3427 fragmentis
1172 3342 1295 3408 addidi¹
1371 3419 1374 3426 .

173 3451 234 3490 καί·
283 3440 361 3500 tales
375 3441 477 3498 autem
492 3457 619 3515 quarum
632 3440 715 3498 locus
725 3436 832 3497 dubius
843 3439 888 3497 est
895 3438 1039 3515 reliquiae
1048 3436 1204 3497 duodecim
1212 3442 1295 3498 sunt:

284 3549 327 3588 nr.
344 3529 428 3588 1-6
450 3548 465 3587 e
485 3528 586 3610 codice
601 3526 620 3586 S
637 3527 743 3602 petita,
766 3525 802 3584 de
822 3525 929 3602 quibus
947 3544 1036 3603 supra
1054 3525 1112 3585 dixi
1131 3545 1160 3602 p.
1173 3525 1295 3602 XLVII,

283 3637 327 3676 nr.
348 3618 366 3676 7
392 3635 408 3676 e
430 3616 509 3675 libro
532 3613 599 3695 περὶ
621 3612 728 3695 ἀρχῶν,
753 3617 861 3674 9-12
886 3635 902 3674 e
925 3613 1067 3674 cedreno:
1096 3632 1171 3690 quae
1195 3616 1295 3673 omnia

360 3803 369 3834 ¹
389 3802 422 3857 ci.
442 3821 469 3874 p.
485 3801 557 3859 vill
