3074 4598
293 485 336 552 86
519 479 630 538 LIBER
646 477 824 544 QUARTUS.
850 478 1079 536 FEBRUARIUS

202 704 205 708 .
229 639 279 714 XS
293 648 508 735 ὑποστροφῆς
520 642 792 728 παραφυλάττειν
804 642 866 726 τὴν
884 643 999 728 φύσιν,
1019 639 1074 707 καὶ
1092 641 1135 708 δι’
1159 639 1207 710 ὧν
1224 661 1312 710 σνν-

292 753 383 838 έστη,
421 750 465 819 δι’
496 750 607 814 αὐτῶν
641 741 744 824 αὖθις
778 748 994 815 ἀναλύεσθαι.
1050 752 1310 834 τελευτησαντος

290 869 377 944 γοῦν
400 856 598 942 ἀνθρώπου,
625 848 680 918 ἐπὶ
702 850 765 939 μὲν
791 865 850 940 της
871 858 982 940 τρίτης
1008 853 1200 922 ἄλλοταῦτα
1220 879 1310 924 παν-

291 973 393 1040 τελῶς
421 958 477 1027 καὶ
505 961 568 1043 την
598 957 780 1044 ἐπίγνωσιν
808 971 868 1048 τῆς
899 962 1005 1039 όύεως
1036 963 1235 1030 διαπόλλνσι
1265 966 1308 1030 τδ

265 1083 399 1155 εσῶμα·
428 1062 481 1130 ἐπὶ
504 1060 542 1131 δὲ
558 1074 622 1148 Ιτης
643 1065 783 1152 έννάτης
806 1069 936 1152 διαρρεῖ
958 1068 1104 1154 σύμπαν,
1132 1072 1182 1136 ἔτι
1204 1073 1307 1150 emko·

289 1175 391 1261 μένης
410 1170 499 1260 αύτῷ
517 1180 575 1255 της
592 1173 743 1259 καρδίας·
767 1173 821 1240 ἐπὶ
840 1170 878 1239 δὲ
895 1183 952 1258 της
969 1186 1231 1263 τεσσαρακοστῆς
1246 1174 1306 1242 καὶ

289 1281 372 1365 αύτη
396 1239 644 1346 συναπόλλυται
666 1289 713 1369 τῷ
734 1284 845 1348 παντί.
882 1281 938 1346 διὰ
957 1289 1056 1348 τοῦτο
1074 1287 1190 1369 τρίτην
1206 1283 1305 1350 ἐννά-

288 1412 350 1472 την
371 1385 429 1452 καὶ
447 1387 711 1471 τεσσαρακοστὴν
730 1387 783 1454 ἐπὶ
802 1400 872 1455 τῶν
888 1389 1099 1473 τεθνηκότων
1116 1391 1305 1473 φυλάττου-

288 1511 344 1560 σιν
367 1495 400 1561 ol
425 1492 628 1577 ἐναγίζοντες
650 1492 776 1579 αὐτοῖς,
798 1505 857 1581 τῆς
879 1494 917 1562 τέ
935 1516 1015 1561 ποτε
1037 1496 1224 1574 συστάσεως
1244 1507 1305 1582 της

250 1628 277 1670 ιο
289 1624 325 1667 τε
346 1625 407 1687 μετ
407 1598 570 1682 ’ἐκείνην
592 1596 772 1677 ἐπιδόσεως
793 1599 897 1667 καὶ
868 1625 905 1667 το
926 1604 967 1687 δη
985 1599 1087 1688 πέρας
1103 1611 1162 1685 τῆς
1179 1600 1304 1669 ἀναλύ-

289 1725 370 1784 σεως
393 1705 715 1790 ἐπιμιμνησκόμενοι.

254 1825 272 1880 S
353 1812 406 1877 27.
421 1809 492 1877 Ὅτι
498 1813 637 1878 Γάλλων
646 1815 910 1899 παραλαβόντων
919 1817 979 1899 τὴν
985 1815 1109 1901 Ῥώμην
1122 1815 1141 1882 ὁ
1155 1815 1314 1882 Κά-ΒπΝ
1320 1834 1355 1884 22

287 1923 405 2004 μιλλος
427 1921 627 2006 συναγείρας
647 1925 778 2005 πλῆθος
795 1920 928 2009 ἀθρόον
947 1920 1097 2006 ἐμπίπτει
1115 1933 1185 2001 τοῖς
1201 1927 1300 1990 πολε·

287 2029 389 2112 μίοις·
416 2022 473 2091 καὶ
494 2026 600 2111 μάχης
621 2037 782 2113 κρατερᾶς
803 2029 983 2115 γενομένης
1005 2030 1219 2098 κλωσθέντων
1240 2031 1300 2097 αύ-

239 2149 273 2202 ἰε
285 2143 356 2211 τοῖς
378 2144 446 2199 τῶν
469 2130 577 2218 ξιφῶν
599 2136 664 2201 σὺν
685 2133 741 2201 καὶ
763 2145 834 2214 τοῖς
857 2136 1032 2215 ὅπλοις-
1051 2138 1141 2204 οὔπω
1165 2140 1228 2224 γὰρ
1249 2154 1300 2204 σι-

287 2242 401 2327 δηροῖς
424 2238 569 2325 ἐχρῶντο
583 2239 735 2327 Ῥωμαῖοί
757 2242 897 2329 θώραξι,
919 2249 1054 2329 χαλκοῖς
1075 2241 1113 2310 δὲ
1134 2246 1217 2311 κατὰ
1238 2245 1301 2328 την

285 2348 489 2431 παλαιότητα
510 2382 555 2394 -
577 2347 615 2411 τὸ
643 2349 763 2413 λοιπὸν
785 2350 834 2426 εἰς
860 2360 971 2436 χεῖρας
998 2349 1111 2416 ἐλθεῖν
1132 2348 1241 2416 ἕλκειν
1264 2374 1300 2417 τε
1348 2391 1352 2399 ·

223 2467 272 2523 ΒΧ
286 2454 452 2540 ἀλλήλους
474 2456 511 2519 ἔκ
532 2476 569 2518 τε
591 2463 657 2519 τῶν
677 2459 808 2540 λοφιῶν
824 2466 893 2522 τῶν
910 2461 1175 2543 περικεφαλαιῶν
1191 2455 1246 2523 καὶ
1265 2456 1299 2538 ἐξ

252 2561 397 2630 δἀύτῶν
419 2560 533 2648 μέντοι
554 2572 623 2626 τῶν
640 2570 700 2627 τοῦ
717 2563 879 2646 πώγωνος
896 2575 1032 2649 τριχῶν·
1054 2562 1146 2641 τέλος
1165 2559 1203 2630 δέ
1219 2566 1299 2642 τοὺς

245 2699 273 2739 κο
285 2669 478 2756 βαρβάρους
498 2667 646 2752 ἀπήλασε
668 2665 723 2733 καὶ
738 2667 865 2754 Ῥώμην
887 2669 1048 2755 ἐρρύσατο
1070 2668 1125 2735 καὶ
1143 2671 1300 2756 δεύτερος

281 2773 444 2861 Ῥωμύλος
462 2775 652 2861 ὠνομάσθη.
687 2773 743 2840 καὶ
757 2774 864 2852 οὕτως
878 2775 1066 2862 ἀποκείρειν
1083 2799 1117 2841 τε
1135 2779 1214 2853 τούς
1230 2778 1299 2841 πώ-

283 2906 393 2966 γωνας
407 2881 457 2950 ἐπ’
471 2885 577 2969 ἀκρον
590 2880 644 2948 καί
659 2883 820 2967 σιδηροῦς
833 2883 911 2958 τοὺς
927 2882 1084 2968 θώρακας
1099 2884 1299 2948 κατασκευά-

282 2992 351 3070 ζειν
364 2989 516 3057 τέτακται
534 2987 589 3055 καὶ
608 2989 689 3054 ἀνευ
707 2993 839 3074 λοφιῶν
856 2989 914 3065 τὰς
930 2992 1188 3074 περικεφαλαίας
1200 2991 1297 3075 ἔχειν.

175 3108 325 3166 xcodren
345 3098 452 3164 28..
467 3096 553 3163 ..έν
580 3106 619 3184 τῇ
646 3096 731 3182 πρὸς
754 3097 863 3180 δῆμον
890 3094 1046 3180 ὀρατίωνι
1070 3094 1173 3161 οἱονεὶ
1195 3113 1297 3182 προσ·
1315 3113 1351 3162 23

353 3290 483 3363 ιθγὰρ
498 3289 660 3361 8,γοῦνΧ
725 3287 931 3343 όέτιοοιίι8
998 3287 1295 3376 ῖπαντλκαλδιά81

281 3359 361 3431 τρίτοι
375 3364 425 3417 καλ
439 3361 541 3418 ἔννατα
555 3362 603 3415 καλ
622 3358 871 3429 τεσσαρακοστά8,
889 3379 948 3427 τριτ
922 3356 1064 3440 ι’τηένάτη
1077 3359 1105 3413 A
1159 3363 1209 3413 8τ

282 3383 366 3489 κότον
385 3436 413 3489 A
492 3429 717 3504 θέναγιόζοντες
734 3431 763 3486 Α
787 3431 792 3503 1
818 3431 914 3494 αύτοῑς
932 3427 1011 3485 omis,
1030 3429 1053 3485 8
1074 3432 1079 3498 Ι
1102 3437 1158 3520 τῆς
1169 3428 1247 3486 omis.

283 3511 315 3559 11
333 3501 627 3597 έπιμιμνησκόμενος
616 3503 645 3558 Β
717 3508 751 3557 12
770 3501 785 3558 δ
803 3500 968 3570 κάμιλλοςῶ
946 3517 1046 3569 ωρισεν
1060 3498 1248 3570 ἀποκείρειν
1231 3503 1298 3565 τοὺς

281 3576 420 3648 πώγωνας
433 3573 478 3632 ἀπ’
495 3574 633 3644 ἀκρον,ὡ
611 3573 702 3664 ωςμή
686 3571 893 3711 ἠδράττεσθαι
906 3573 1000 3627 αύτων
1012 3573 1077 3634 τοὺς
1090 3569 1234 3635 ἐναντίως
1246 3571 1297 3627 δια

280 3647 332 3719 ”³⁹
299 3617 689 3786 α’άβᾰσῗίέότωλῖ
651 3665 752 3772 {S
763 3644 814 3771 ξέι
812 3637 1250 3770 ἧόέλῖἓλάῗέλάἶὶλλὸλᾏιι
1149 3648 1225 3697 ¹⁹
1238 3663 1296 3768 '⁰⁴2

281 3727 369 3846 Son.
427 3795 460 3845 2⁶
459 3725 610 3860 §domm
619 3735 654 3843 Xr
663 3790 669 3858 1
685 3732 812 3859 έντὲ-
826 3783 1033 3867 προσφανήσει]
1047 3720 1295 3856 όροιτδὶοιάὶιὶἳθῦ,9
1210 3802 1296 3855 προσ-

282 3863 408 3935 φώνησις
424 3865 490 3934 pont
507 3859 583 3918 ἐστίν
600 3878 627 3932 p
643 3864 715 3931 87,1
736 3856 877 3914 collocata
894 3855 1009 3912 exhibet
1026 3855 1139 3912 Οεδεεο
