3074 4598
254 464 394 522 LXXXVI
658 463 863 521 PRAEFATIO

255 654 331 712 quae
355 636 430 697 adeo
454 637 623 697 contractae
646 636 725 709 suut,
746 633 832 694 utin
849 634 895 694 his
914 633 1097 712 singulorum
1113 633 1261 712 fragmen·

253 727 353 785 torum
374 745 498 799 nexum,
526 722 625 800 qualis
648 723 797 800 quondam
819 723 922 798 fuerit,
948 722 1089 782 resarcire
1113 723 1261 800 temptan-

254 813 335 874 tibus
365 811 581 889 desperandum
610 810 657 870 sit.
702 811 757 872 hoc
784 812 881 873 solum
912 829 1086 890 cognoscere
1115 810 1198 888 licet,
1229 809 1262 869 in

253 902 381 980 singulis
410 899 561 960 mensibus
590 898 670 958 idem
698 899 759 959 fere
789 901 868 979 quod
895 900 1001 962 Graeci
1029 904 1136 960 vocant
1165 907 1262 980 σχῆμα

254 991 311 1052 sibi
338 987 527 1068 proposuisse
554 985 761 1063 Laurentium,
787 992 907 1064 praeter
932 989 1009 1050 illud
1036 992 1135 1050 autem
1161 1007 1260 1048 excur-

254 1078 340 1139 rendi
367 1075 444 1137 mori
473 1075 561 1134 nimis
590 1074 755 1135 indulsisse.
799 1076 907 1154 incipit
937 1079 1015 1137 enim
1043 1079 1215 1154 plerumque
1243 1095 1262 1136 a

250 1165 378 1242 nomine,
396 1162 474 1223 unde
493 1164 589 1224 dictus
607 1163 647 1223 sit
665 1165 773 1224 mensis
792 1165 918 1242 quisque
938 1162 1025 1243 (ὅθεν
1042 1165 1091 1226 καὶ
1107 1164 1186 1238 ὅπως
1204 1162 1259 1244 τὴν

250 1254 452 1334 προσηγορίαν
471 1251 569 1314 αὐτῶν
587 1247 706 1323 ἕκαστος
724 1251 826 1330 elleos
849 1273 877 1330 p.
898 1254 948 1331 18,
963 1245 1007 1335 4),
1031 1254 1056 1314 si
1073 1256 1149 1315 forte
1167 1273 1185 1313 a
1204 1253 1260 1314 deo

251 1343 420 1420 appellatus
445 1346 503 1418 est,
533 1341 703 1400 tractatum
723 1339 804 1400 illius
831 1344 940 1400 natura
962 1342 1082 1401 nomina
1109 1344 1208 1421 signa,
1234 1343 1261 1402 si

253 1431 292 1491 ab
314 1429 503 1510 imperatore,
529 1447 577 1489 res
600 1428 637 1487 ab
661 1445 695 1487 eo
718 1432 827 1505 gestae.
873 1430 1001 1490 alterum
1023 1433 1081 1504 est,
1102 1434 1137 1489 ut
1158 1431 1260 1509 singu-

251 1521 350 1581 lorum
370 1519 516 1580 mensium
540 1537 576 1576 ex
598 1515 699 1576 ordine
722 1521 930 1577 enumerentur
952 1517 1044 1577 feriae
1067 1520 1097 1577 et
1113 1518 1259 1578 describa-

254 1613 313 1686 tur,
336 1609 479 1686 quidnam
500 1607 532 1666 in
550 1604 587 1664 iis
610 1602 766 1664 observare
784 1604 926 1666 Romanis
948 1605 1039 1666 fuerit
1056 1605 1178 1666 solitum
1196 1598 1261 1687 (καὶ

253 1696 327 1778 ὅπερ
349 1689 423 1756 καθ’
444 1691 565 1755 ἕκαστον
587 1692 685 1754 αὐτῶν
707 1697 767 1765 τοῖς
782 1685 934 1770 Ῥωμαίοις
955 1694 1046 1754 πάλαι
1062 1692 1259 1774 superarier]-

248 1809 297 1845 ται
323 1776 418 1866 ibid).
463 1784 584 1858 praeter
611 1782 666 1840 has
696 1783 796 1840 autem
825 1781 899 1841 duas
927 1801 975 1842 res
1005 1783 1061 1843 sibi
1090 1786 1258 1844 constantes

247 1873 332 1933 nulla
359 1874 406 1932 est
433 1888 551 1946 norma,
578 1889 668 1946 quam
695 1872 838 1947 sequatur
859 1870 973 1948 LyduS,
1000 1872 1052 1932 sed
1076 1871 1108 1932 iu
1133 1872 1259 1950 reliquis

248 1959 420 2022 ordinandis
456 1959 589 2019 Fortuna
625 1959 802 2018 dominatur.
857 1961 899 2021 sic
933 1961 1022 2022 modo
1057 1962 1259 2024 Romanorum

246 2067 342 2110 mores
361 2051 465 2108 narrat
481 2048 669 2124 Laurentius
692 2068 819 2125 quorum
840 2049 913 2127 fata,
937 2050 962 2109 si
980 2051 1043 2110 ulla
1060 2051 1175 2113 ratione
1192 2051 1258 2111 fieri

246 2140 354 2217 potest,
373 2137 442 2196 inde
461 2155 480 2196 a
497 2137 679 2214 temporibus
697 2137 866 2197 fabularum
884 2158 977 2216 usque
991 2141 1030 2199 ad
1043 2159 1126 2201 suam
1145 2143 1257 2201 tractat

247 2229 392 2300 aetatem,
422 2227 536 2286 vocatis
565 2226 598 2285 in
627 2227 879 2302 comparationem
905 2229 1088 2304 reliquarum
1113 2228 1257 2306 gentium,

245 2315 393 2393 imprimis
422 2314 575 2390 Lydorum
605 2315 796 2392 popularium
825 2333 946 2377 suorum
977 2316 1135 2392 institutis3
1167 2316 1256 2378 modo

247 2405 427 2465 Graecorum
450 2402 625 2482 religionem
648 2421 738 2463 unam
756 2407 786 2464 et
805 2404 932 2464 alteram
950 2405 1079 2482 explicat
1096 2406 1256 2465 secundum

245 2491 533 2570 mythographorum
569 2495 599 2552 et
634 2492 878 2569 philosophorum
914 2493 1064 2554 doctrinas
1098 2495 1255 2571 physicas,

245 2581 333 2642 modo
361 2581 515 2642 occasione
542 2580 615 2640 data
643 2580 766 2658 pusillas
795 2582 941 2658 quasdem
969 2602 984 2643 e
1009 2583 1168 2644 Caesarum
1190 2583 1255 2643 vita

246 2671 394 2747 depromit
416 2669 548 2746 fabulas,
574 2668 663 2729 modo
685 2668 835 2729 mirabilia
862 2671 965 2748 aliqua
988 2691 1003 2732 e
1025 2692 1123 2749 rerum
1144 2676 1255 2731 natura

244 2760 334 2837 petit,
362 2762 416 2819 aut
443 2758 558 2819 dierum
586 2757 816 2836 significationes
844 2760 1070 2834 astronomicas,
1098 2755 1254 2820 stellarum

245 2851 327 2908 ortus
359 2850 390 2908 et
417 2865 537 2908 occasus
564 2845 718 2924 coniungit
739 2864 806 2905 cum
828 2849 961 2906 mactatu
981 2848 1154 2924 philosopho
1181 2868 1251 2924 poe-

245 2940 346 2996 tarum
373 2936 529 2997 sententiis
557 2938 671 2995 ornato.
720 2934 803 2993 vides
830 2935 924 3012 igitur
951 2954 987 2994 ex
1012 2935 1072 3012 his,
1097 2936 1256 2996 materiam

243 3025 314 3084 libri
338 3026 437 3102 quarti
461 3025 496 3085 de
519 3022 669 3083 mensibus
691 3021 819 3098 Lydiani
847 3022 920 3083 adeo
948 3024 1063 3083 vanam
1089 3024 1191 3099 fuisse,
1219 3028 1255 3084 ut

244 3115 354 3174 mirum
376 3115 512 3188 nonsit,
541 3111 619 3190 quod
645 3111 773 3190 plurima
795 3111 892 3189 perire
920 3113 1001 3190 passi
1024 3113 1084 3173 sint
1111 3115 1253 3190 epitoma-

244 3207 338 3277 toreS,
366 3221 493 3279 quorum
521 3200 614 3262 animi
635 3200 796 3261 secundum
823 3200 944 3262 illorum
966 3204 1131 3279 temporum
1153 3201 1254 3262 studia

246 3291 343 3370 magis
365 3291 476 3351 intenti
500 3291 585 3350 erant
601 3289 634 3349 in
656 3289 827 3366 sequiorum
844 3289 1087 3367 philosophorum
1104 3291 1254 3352 doctrinas

246 3399 337 3457 quam
354 3379 387 3439 in
405 3379 607 3440 Romanorum
625 3378 844 3456 antiquitatem
875 3378 937 3438 iam
954 3398 1024 3438 vero
1042 3398 1134 3438 unum
1152 3398 1253 3456 super·

181 3478 184 3489 ¹
245 3472 291 3529 est
317 3471 515 3542 momentum,
547 3484 605 3543 quo
634 3468 680 3526 usi
711 3469 855 3542 quantum
883 3467 1067 3527 interciderit
1095 3469 1253 3528 aestimare

244 3557 402 3635 possimus.
448 3558 567 3616 serrata
590 3555 669 3614 enim
691 3573 752 3615 esse
775 3555 962 3615 meminimus
984 3556 1054 3616 libn‘
1077 3558 1175 3633 quarti
1194 3557 1252 3618 duo

244 3646 318 3706 folia
340 3645 458 3722 integra
482 3664 497 3704 e
521 3642 619 3704 codice
644 3642 796 3703 Oaseolino
820 3640 845 3703 Ο
869 3644 983 3719 avolsa,
1007 3645 1111 3723 quibus
1133 3648 1253 3705 centum

245 3737 276 3794 et
307 3733 463 3811 sexaginta
492 3731 677 3809 complentur
705 3731 843 3792 editionis
875 3752 989 3807 versus3
1021 3734 1125 3794 horum
1151 3737 1253 3794 autem

244 3842 298 3900 per
320 3824 526 3898 excerptorum
549 3819 661 3880 codices
687 3821 846 3880 uadunsn
871 3822 980 3901 viginti
1003 3823 1118 3883 circiter
1140 3826 1169 3883 et
1192 3842 1253 3900 sex,
