3074 4598
527 507 635 564 LIBER
653 507 830 573 QUARTUS.
858 508 999 563 APRILIS
1201 510 1263 576 115

257 674 339 739 κατά
369 674 430 739 τὸν
460 683 593 758 πρῶτον
622 670 792 753 περιττόν,
830 677 894 737 εἴτε
926 671 970 749 όις
1000 671 1140 758 πάτριον
1170 673 1253 737 θεὸν
1265 680 1315 759 XS

257 779 316 846 τὸν
329 775 444 864 Ἀρην,
468 779 515 855 είς
537 784 633 841 τοῦτο
657 771 776 851 τάξεως
798 773 947 862 ἀριθμοῦ
966 776 1137 843 ἀνέθεντο·
1160 775 1261 862 ἡγὰρ

257 885 351 970 τριάς
381 885 463 971 ἀρχὴ
493 882 653 969 ἀριθμοῦ·
686 879 769 944 ὥστε
799 880 860 946 οὐκ
889 882 949 962 ἔξω
980 885 1179 968 φιλοσοφίας
1205 883 1262 947 τὸν
1276 894 1302 948 Χ

248 990 350 1076 Ἀρεα
373 990 567 1074 ζευγνάουσι
589 995 628 1073 τη
646 984 839 1072 Ἀφροδίτῃ·
866 997 906 1074 τη
929 992 992 1075 γάρ
1018 991 1116 1056 δυάδι
1140 994 1253 1054 συνελ-
1266 999 1314 1055 XS

256 1097 384 1179 θοάσης
407 1094 552 1179 μονάδος
573 1104 703 1180 πρῶτος
730 1091 873 1178 ἀριθμὸς
900 1092 1031 1179 έτέχθη,
1059 1096 1096 1174 ὃς
1118 1101 1260 1162 καλεῖται
1288 1121 1301 1164 ε

258 1201 313 1270 ὑπ’
337 1201 436 1267 ἐνίων
457 1199 591 1285 τέλειος,
614 1200 664 1267 ὅτι
686 1210 816 1285 πρῶτος
837 1199 878 1263 τά
900 1200 1007 1265 πάντα
1026 1207 1186 1288 σημαίνει,
1208 1199 1260 1268 καὶ

256 1319 385 1393 πρῶτος
413 1306 538 1388 ἔδειξεν
566 1307 670 1394 άρχην
701 1305 784 1391 μέσα
815 1302 920 1382 τέλος·
954 1306 1051 1371 εἰκὼν
1081 1311 1145 1395 γάρ
1174 1309 1294 1376 ἐστινὸ

256 1411 415 1481 ἐπιπέδου
437 1414 492 1482 καὶ
515 1416 626 1502 πρώτη
643 1414 824 1488 ὑπόστασις
843 1409 880 1476 έν
897 1412 1084 1497 τριγώνοις·
1107 1419 1182 1498 τρία
1198 1417 1261 1502 γὰρ

257 1520 367 1587 αὐτῶν
389 1522 483 1608 γένη·
511 1524 710 1607 ἰσόπλευρον
733 1514 897 1596 ἰσοσκελὲς
925 1521 1097 1602 σκαληνόν.
1138 1522 1198 1586 τὸν
1224 1519 1260 1588 δὲ
1273 1532 1300 1588 Χ

255 1627 425 1715 τέταρτον,
456 1630 538 1714 <ὅν>
561 1625 731 1712 Ἀπρίλιον
760 1625 972 1712 ὀνομάζουσι,
1000 1628 1080 1694 κατὰ
1106 1627 1168 1710 την
1194 1640 1260 1694 τῶν
1274 1657 1300 1718 ιο

257 1740 428 1821 στοιχείων
450 1737 556 1821 φύσιν
577 1743 622 1824 τῷ
644 1734 786 1822 τετάρτῳ
810 1733 943 1823 ἀριθμῷ
966 1732 1140 1818 ἀνέθεντο,
1167 1759 1260 1801 τουτ-

256 1824 346 1907 έστιν
369 1840 563 1929 Ἀφροδίτη·
593 1840 614 1925 ἡ
643 1843 707 1927 γὰρ
735 1849 796 1906 τοῦ
821 1841 945 1919 παντὸς
972 1843 1134 1928 αἰσθητοῦ
1161 1843 1259 1929 φάσις

257 1945 291 2011 έκ
315 1948 483 2033 τεσσάρων
507 1944 574 2013 ἐστὶ
597 1949 777 2031 στοιχείων,
800 1946 882 2031 αὕτη
904 1945 933 2012 δ’
957 1945 999 2013 διν
1017 1955 1066 2035 εἰη
1084 1951 1165 2015 κατά
1183 1951 1260 2028 τοὺς

255 2055 479 2135 φυσιολόγους
492 2050 679 2137 Ἀφροδίτη.
716 2063 844 2136 πρῶτος
863 2048 926 2118 οὖν
943 2055 1146 2140 τετράγωνος
1164 2055 1259 2144 άριθ-

254 2156 316 2243 μὸς
339 2152 436 2234 οὗτος
457 2155 512 2223 καὶ
536 2157 720 2242 τετρακτύς,
743 2156 826 2223 ἀλλὰ
848 2160 914 2243 μὴν
935 2157 990 2224 καὶ
1012 2173 1140 2246 πρῶτος
1158 2162 1258 2242 ἔδειξε
1272 2191 1298 2252 ιε

253 2266 316 2348 τὴν
343 2265 479 2350 στερεὰν
506 2264 623 2350 φύσιν·
653 2273 789 2348 σημείου
815 2264 894 2349 γάρ,
922 2259 992 2330 εἶτα
1018 2269 1162 2352 γραμμή,
1190 2264 1258 2333 εἶτα

256 2369 452 2456 ἐπιφάνεια,
475 2366 545 2436 εἶτα
568 2372 714 2456 στερεόν,
745 2369 762 2435 ὅ
789 2367 857 2434 ἐστι
886 2381 986 2454 σῶμα
1031 2370 1066 2436 έιι
1091 2374 1258 2459 τεσσάρων

254 2472 334 2560 δέη
363 2487 422 2542 τοῦ
440 2527 536 2543 .....
555 2474 710 2561 τέταρτον
737 2474 883 2562 άριθμὸν
905 2472 1083 2564 Ἀφροδίτη
1110 2478 1257 2547 τουτέστι

253 2591 292 2667 τη
326 2583 426 2666 φύσει
457 2594 525 2648 τῶν
552 2582 753 2667 πραγμάτων
784 2580 952 2648 ἀνέθεντο.
1005 2580 1080 2648 ἀνθ’
1111 2584 1190 2679 ότου
1220 2582 1257 2652 δὲ

254 2687 359 2765 οὕτως
390 2688 481 2768 ἔδοξε
504 2688 671 2772 Ῥωμαίοις
702 2687 762 2752 τὸν
790 2687 947 2774 τέταρτον
974 2689 1134 2774 ὀνομάσαι
1159 2701 1256 2778 μῆνα,
1269 2719 1296 2760 ω

254 2796 310 2861 διδ
332 2795 482 2880 βραχέων
505 2795 582 2881 ε’ρῶ·
604 2794 683 2872 τέως
709 2790 746 2859 δὲ
768 2797 849 2860 κατὰ
871 2796 909 2860 τὸ
931 2799 1081 2882 πρόσθεν
1104 2797 1256 2882 ἐπηγγελ-

253 2900 355 2987 μένον
378 2902 473 2986 ὀλίγα
497 2904 575 2968 άττα
601 2899 676 2988 περὶ
704 2908 761 2984 της
787 2903 868 2967 κατά
886 2900 1087 2988 Ἀφροδίτην
1113 2909 1255 2991 θεωρίας

254 2997 466 3093 διαλήψομαι.
511 3009 543 3075 οἱ
570 3005 706 3092 φυσικοί
732 3017 912 3093 τοιγαροῦν
933 3009 993 3074 τὸν
1016 3009 1149 3097 έαρινὸν
1171 3007 1254 3078 εἶναι

252 3113 369 3196 καιρὸν
395 3116 457 3198 τὴν
479 3114 674 3199 Αφροδίτην
700 3114 890 3198 βούλονται·
919 3109 1015 3192 οὗτος
1043 3114 1071 3181 δ’
1095 3116 1136 3182 ἂν
1163 3118 1253 3201 είηὸ

253 3218 290 3284 έν
313 3219 423 3307 ταύρω
444 3220 550 3303 ἥλιος·
572 3219 625 3285 καὶ
648 3218 940 3305 ἀποστρεφομένην
963 3220 1065 3305 αὐτὴν
1082 3223 1143 3288 τὸν
1155 3220 1254 3307 Ἀρεα
1267 3251 1293 3291 τι

252 3332 422 3409 ποιοῦσιν,
450 3327 496 3403 ’ὡς
520 3324 686 3409 ἐλέγομεν,
715 3326 773 3390 τὸν
786 3323 903 3411 Ἀρεος
924 3335 1013 3410 μῆνα
1034 3364 1077 3375 -—
1101 3323 1197 3406 οὗτος
1219 3327 1248 3394 δ’

323 3523 377 3570 v.1
398 3517 494 3579 καθὼς
512 3515 544 3585 S,
567 3515 637 3571 κατά
654 3516 687 3570 X
757 3513 933 3586 ΞτὸνἈρην
956 3517 1032 3573 omis.
1052 3520 1083 3574 X
1152 3519 1252 3576 Βάστε

253 3587 304 3641 οὖν
318 3618 352 3627 -
366 3593 384 3641 4
398 3585 545 3661 Ἀφροδίτη
565 3586 641 3642 omis.
661 3587 684 3643 S
753 3593 768 3640 ⁷
787 3588 835 3642 καὶ
852 3585 929 3651 τέλος
945 3588 968 3643 S
986 3589 991 3659 Ι
1011 3589 1091 3645 εἰκὼν
1105 3621 1138 3630 -
1154 3595 1169 3644 9
1187 3608 1252 3646 σκα-

252 3656 502 3750 ληνδννδθευωθΧ
560 3663 576 3711 9
594 3655 739 3728 σκαληνόν.
767 3661 818 3747 οφλ.
836 3658 929 3714 des.S
989 3665 1021 3714 10
1039 3659 1114 3734 <δν>
1133 3661 1250 3743 αδδίδίΙ

253 3730 472 3881 ἔδδςέθζοόόδθλΑΙ
487 3727 622 3869 τετάέτοέό
635 3738 849 3870 άῗίδάόδσῗων
867 3730 917 3860 ξῙ,
927 3731 1252 3872 τδάῗτριόδιδῃειάΗΞΠδδθῐζ.

251 3870 354 3925 Ηοειωε
425 3877 458 3926 25
477 3869 547 3940 ἀέρα
565 3872 600 3941 Β,
619 3870 688 3940 ἄρεα
706 3871 734 3926 Α
805 3876 838 3926 26
857 3868 971 3942 λέγομεν
989 3873 1026 3943 X,
1044 3890 1112 3929 corr.
1127 3873 1170 3929 Rr

1057 3963 1092 4018 8⁸
