3074 4598
545 535 991 625 mmomwmmus
1208 542 1272 606 147

264 709 543 793 καταφερόμενον.
588 697 673 765 ἀλλὰ
694 696 749 763 καί
766 704 969 788 Δικαίαρχος
991 700 1029 768 ἐν
1050 703 1192 790 περιόδῳ
1213 712 1274 788 γῆς
1286 715 1313 770 Χ

266 817 302 883 ἐκ
328 822 387 896 τῆς
408 811 619 888 Ἀτλαντικῆς
648 804 814 888 θαλάττης
843 807 902 873 τὸν
924 811 1050 874 Νεῖλον
1077 806 1274 892 άυαχείσθαι

265 920 430 1007 βούλεται.
474 913 622 980 ποικίλαι
645 905 707 994 μὲν
729 904 791 974 οὖν
818 912 949 999 αἱπερὶ
975 914 1078 981 αύτοῦ
1100 913 1208 1000 δόξαι,
1235 917 1273 981 τὸ

197 1071 200 1076 .
266 1024 294 1092 δ’
318 1020 442 1108 ἀληθὲς
464 1020 546 1085 κατά
568 1018 647 1095 τοὺς
670 1015 870 1102 ἀνθρώπους
896 1019 976 1098 τέως
1003 1022 1163 1108 οὐδαμοῦ·
1190 1023 1273 1087 κατὰ

264 1135 327 1218 γάρ
350 1131 387 1196 τὸ
411 1129 527 1210 λόγιον
614 1147 618 1154 ·
1298 1156 1312 1198 ε

504 1235 542 1300 τὸ
566 1231 596 1298 δ
619 1228 751 1319 ἀτρεκὲς
773 1229 810 1296 ἐν
831 1234 932 1315 βαθεῖ
954 1231 1031 1298 ἐστι.

265 1346 414 1429 Χρηστος
441 1339 479 1408 δὲ
506 1343 524 1411 ὁ
548 1341 704 1427 Ῥωμαῖός
730 1356 846 1425 φησιν·
879 1336 948 1404 ’ἐπὶ
975 1349 1032 1422 τῆς
1059 1342 1183 1420 δύσεως
1210 1346 1271 1430 όρη

263 1448 402 1536 μέγιστα
425 1449 480 1516 καί
503 1448 694 1534 ύψηλότατά
716 1446 815 1530 εἰσιν,
844 1445 864 1512 ἃ
891 1444 952 1528 τὴν
975 1445 1105 1530 Λιβύην
1127 1446 1191 1514 άπὸ
1214 1459 1273 1535 τῆς

262 1557 446 1636 Αδθιοπίας
473 1559 663 1642 χωρίζουσι,
691 1553 819 1618 τούτων
844 1563 916 1630 ταῖς
943 1550 1092 1637 ἐσχάταις
1115 1553 1216 1639 ῥιζαις
1234 1555 1271 1620 τὸ

262 1665 472 1756 Ατλαντικὸν
495 1662 671 1729 ἐπιπίπτον
692 1659 848 1745 πέλανος,
875 1662 977 1726 ἔνθεν
1001 1661 1061 1744 τὴν
1084 1658 1187 1747 ἀρχὴν
1211 1662 1271 1727 At·
1285 1689 1312 1729 ιο

261 1773 383 1837 θιοπία
405 1769 470 1836 άπὸ
493 1778 551 1854 τῆς
574 1768 700 1845 δύσεως
720 1767 888 1853 λαμβάνει.
922 1767 987 1833 ὑπὸ
1007 1769 1123 1833 τοίνυν
1140 1766 1272 1845 τούτοις

260 1886 331 1953 τοῖς
354 1878 446 1961 ὄρεσι
469 1880 583 1961 λίμναι
606 1872 693 1941 εἰσίν
715 1875 761 1951 είς
784 1875 922 1959 άπειρον
942 1873 1145 1960 πλατύτητος
1162 1873 1272 1957 ἡπλω-

262 1980 372 2067 μόναι·
395 1992 548 2068 παροικεῖ
571 1976 607 2046 δὲ
631 1981 731 2057 αύτδις
753 1977 849 2063 γένος
875 1978 1065 2066 ἀνθρώπων
1088 1993 1154 2046 τῶν
1177 1987 1271 2065 λεγο-

260 2084 372 2172 μένων
389 2085 635 2172 Ἰχθυοφάγων,
663 2085 742 2171 ὅπερ
766 2084 829 2152 άπὸ
852 2087 981 2170 πρώτης
1005 2087 1091 2171 ώρας
1114 2089 1189 2175 άχρι
1212 2090 1271 2154 δυ-

261 2204 354 2278 σμῶν
384 2192 483 2277 ἡλίου
513 2191 550 2257 ἑν
578 2198 625 2279 τῷ
654 2190 751 2256 ύδατι
780 2192 941 2276 διατρίβει
971 2189 1026 2257 καὶ
1054 2204 1124 2271 τοῖς
1154 2195 1270 2279 ἰχθύσι
1284 2223 1308 2264 ιε

259 2298 424 2385 τρέφεται.
468 2299 598 2375 τούτοις
621 2297 802 2383 ὁμοροῦσιν
829 2297 862 2362 ολ
889 2299 1060 2382 λεγόμενοι
1077 2296 1270 2381 Ἀνθρωπο-

260 2406 373 2491 φάγοι,
402 2405 499 2490 γένος
521 2405 713 2490 ἀνθρώπων
739 2403 983 2491 ἀνδρειότατον,
1012 2403 1081 2491 ῥισὶ
1109 2406 1270 2490 στρογγύ-

260 2519 333 2590 λαις
356 2514 539 2598 χρώμενον,
565 2510 755 2596 προσώποις
778 2507 1007 2594 ε’πικαμπίσιν,
1031 2509 1146 2588 ὄνυξιν
1170 2510 1268 2595 ἐγγὺς

259 2616 395 2684 λεόυσιν
427 2619 562 2704 ὁμοίοις.
618 2616 653 2682 ἐκ
685 2627 751 2682 τῶν
786 2621 914 2700 λιμνῶν
948 2610 1011 2682 οὖν
1045 2615 1179 2683 ἐκείνων
1210 2618 1268 2696 τάς

259 2724 412 2811 ἀφορμάς
434 2725 452 2793 ὁ
475 2723 621 2810 ποταμὸς
643 2722 814 2809 λαμβάνει·
836 2725 995 2809 προϊόντα
1018 2725 1080 2810 γάρ
1104 2723 1135 2804 ἐξ
1154 2722 1266 2790 αὐτῶν
1280 2751 1306 2790 ιο

258 2833 298 2898 τὰ
321 2832 466 2919 ῥεύματα
485 2840 657 2917 συνηρεφῆ
675 2829 901 2897 ἀποτελοῦσιν.
942 2830 977 2896 ἐκ
994 2831 1122 2897 τούτων
1139 2830 1181 2914 δὴ
1199 2841 1267 2896 τῶν

257 2946 400 3025 λιμνῶν,
428 2939 467 3017 δς
496 2945 658 3006 καλοῦσιν
681 2936 800 3004 ἐκείνοι
821 2938 925 3022 Χαάς,
953 2936 1042 3024 ἐκρεῖ
1067 2938 1267 3004 λεπτότατόν

255 3070 289 3111 τι
313 3045 418 3131 ῥεῦμα
435 3044 490 3111 καί
509 3049 604 3131 μόλις
622 3045 803 3130 ὁρώμενον,
825 3043 905 3130 ὅπερ
924 3045 971 3122 είς
990 3046 1125 3121 στενοὺς
1142 3046 1266 3121 τόπους

256 3149 312 3217 καὶ
334 3153 418 3216 κατὰ
439 3151 540 3238 μέρος
566 3150 602 3216 ἐκ
626 3152 797 3236 διαφόρων
823 3161 933 3236 μερῶν
959 3152 1006 3227 εἰς
1032 3153 1147 3234 κοίτην
1174 3151 1265 3215 ἰδίαν

255 3265 463 3322 καταπίπτον
486 3259 566 3336 όψιν
591 3264 740 3340 ποταμοῦ
762 3255 930 3341 λαμβάνει.
975 3250 1072 3333 οὗτος
1095 3255 1124 3321 δ’
1147 3254 1189 3321 άν
1211 3261 1262 3340 είη
1277 3280 1302 3322 τε

255 3362 273 3429 ὁ
292 3365 426 3446 Νεῖλος,
450 3363 541 3440 ὅστις
559 3360 612 3427 ἐπὶ
632 3362 804 3448 διαφόρων
820 3363 987 3446 κλιμάτων
1005 3363 1194 3448 εἱλούμενος
1212 3365 1263 3446 νί-

325 3519 350 3555 v.
367 3507 381 3555 1
400 3500 589 3556 Dicaearchus
607 3498 660 3572 frg.
676 3505 718 3570 52,
736 3499 818 3556 ΒΗΘ
835 3500 862 3555 11
879 3518 905 3571 p.
919 3504 969 3554 251

324 3620 888 3707 νδκαλποικίλαιΤΙούνοτωὶε.Τ
951 3631 965 3679 7
984 3623 1067 3695 ί
1084 3625 1125 3694 Α,
1151 3624 1260 3680 corn&

254 3696 370 3769 χρηστὸς
388 3697 427 3769 Α,
448 3699 477 3750 et
499 3695 602 3764 de1.‹5;
625 3703 740 3768 χρῆστος
756 3696 817 3750 ΒΤ
832 3695 888 3751 et
878 3713 910 3749 m
928 3711 1016 3751 mar.
1015 3644 1141 3752 χΡνούάε
1158 3695 1261 3751 Roma·

253 3767 375 3838 καεΤΙ
396 3766 447 3837 όρη
466 3765 571 3836 μεάλα
589 3767 618 3821 Β
690 3773 721 3821 11
740 3766 847 3830 τούτοις
863 3764 959 3822 τοίνυν
1073 3774 1106 3821 12
1124 3766 1164 3830 είς
1180 3765 1259 3822 omis

253 3839 315 3894 BT
328 3840 333 3910 Ι
349 3769 516 3909 άπειροιλῖ
559 3842 593 3893 18
611 3835 791 3907 ἐπικαρπίων
808 3838 837 3893 Β
892 3843 924 3892 19
942 3834 1060 3907 λιμένων
1077 3838 1106 3892 Β
1159 3842 1191 3892 21
1211 3855 1258 3892 συ-

252 3910 462 3981 νοεενεῑεΑΤ
1248 3951 1251 3957 -

1045 3997 1099 4051 10*
