3074 4598
521 507 632 564 LIBER
651 506 827 573 QUARTUS.
853 507 1013 564 MARTIUS
1230 508 1273 574 99

259 681 322 743 νει.
369 675 407 741 ἐν
429 673 529 758 ταύτῃ
553 680 592 756 τῃ
615 666 721 754 ἡμέρᾳ
738 668 802 734 καὶ
829 674 944 738 πόνων
971 670 1190 756 ἀνεπαύοντο,
1217 671 1272 738 καὶ
1285 682 1313 737 Η

262 784 297 847 αἱ
320 785 495 867 λεγόμεναι
521 773 598 861 παρ’
621 774 735 850 αὐτοῖς
756 779 958 865 Ματρῶναι,
985 776 1155 846 τουτέστιν
1181 776 1273 861 εύγε-

262 898 342 972 νείς,
366 891 444 963 τοὺς
466 882 594 958 οἰκέτας
617 882 759 965 εἱστίων,
786 885 938 971 καθάπερ
955 883 1001 975 ζέν
1022 895 1091 962 τοῖς
1113 886 1273 971 Κρονίοις

262 993 356 1061 τουτὶ
379 992 535 1079 πράττειν
557 989 638 1065 ἔθος
659 982 701 1071 ἦν
723 996 794 1064 τοίς
816 988 960 1069 δούλους
980 989 1201 1077 κεκτημένοις·
1225 986 1273 1058 ὧν

262 1104 297 1167 αί
320 1096 383 1186 μὲν
410 1094 454 1162 δι’
470 1094 588 1182 ’Ἀρεος
614 1097 713 1181 τιμήν
740 1094 940 1162 δουλεύουσι
968 1109 1037 1176 τοῖς
1064 1102 1179 1187 ἀρρεσι
1205 1110 1273 1165 τῶν
1299 1124 1312 1165 1

261 1209 401 1272 οἰκετῶν
424 1203 480 1270 διά
506 1204 567 1288 τήν
594 1206 766 1290 κρείττονα
790 1200 908 1286 φύσιν·
935 1205 968 1269 ολ
994 1202 1024 1270 δ
1047 1205 1273 1294 ἀποτρόπαιον

260 1314 370 1398 ὥσπερ
401 1315 586 1399 θεραπείαν
612 1311 800 1393 εἰσάγοντες
827 1316 872 1397 τςῖ
900 1310 1021 1398 Κρόνφ
1049 1324 1119 1390 τοίς
1146 1313 1273 1381 ἑαυτῶν

260 1419 396 1497 δούλοις
419 1418 609 1502 ἐδούλευον,
632 1417 720 1492 ὅπως
742 1417 786 1500 μή
810 1426 882 1493 ταῖς
901 1414 1074 1501 ἀληθείαις
1092 1423 1273 1504 νεμεσητόν

259 1550 291 1591 τι
310 1529 477 1603 παθόντες
496 1526 543 1603 είς
561 1526 719 1590 δουλείαν
736 1526 905 1609 πολεμίων
920 1522 1154 1590 καταπέσωσιν.
1191 1527 1273 1592 πάν-
1303 1597 1305 1599 ,

259 1657 312 1710 τες
336 1629 373 1700 δὲ
395 1636 478 1701 κατά
496 1633 555 1698 τὸν
568 1633 725 1719 Μάρτιον
742 1631 872 1717 τροφήν
890 1631 951 1715 τήν
969 1629 1004 1696 ἐκ
1021 1631 1158 1716 κυάμων
1175 1630 1272 1718 ἐλάμ-
1285 1659 1312 1699 ιο

258 1742 382 1824 βανον·
412 1738 529 1827 ’Ἄρεος
560 1735 598 1804 δὲ
629 1737 648 1805 ό
682 1737 822 1824 κύαμος,
857 1740 946 1825 παρὰ
981 1740 1019 1805 τὸ
1054 1739 1149 1804 κύειν
1179 1729 1272 1823 αἷμα·
1286 1748 1343 1805 ΧΗ

258 1849 372 1933 ἔχριόν
395 1869 431 1912 τε
453 1848 511 1923 τάς
533 1845 688 1931 ἀλλήλων
714 1847 809 1923 ὄφεις
832 1844 908 1911 ἀντὶ
933 1846 1068 1931 αἵματος
1090 1847 1127 1912 τὸ
1150 1849 1272 1932 χρίσμα

257 1962 318 2019 τοῦ
346 1953 477 2037 κυάμου
504 1952 740 2037 λαμβάνοντες,
770 1952 872 2038 ταύτῃ
902 1976 941 2035 γε
966 1952 1026 2018 τὸν
1043 1950 1143 2037 ’Ἁρεα
1169 1960 1271 2039 θερα-

257 2059 426 2135 πεύοντες.
462 2058 513 2123 ότι
530 2057 549 2125 ό
564 2059 772 2142 Πυθαγόρας
790 2057 880 2123 πάνυ
898 2059 958 2123 τὸν
975 2058 1104 2142 κύαμον
1117 2055 1303 2144 ἀπεστρύδ

258 2184 354 2250 φετο·
387 2164 614 2250 διαφερόντως
647 2163 710 2248 γάρ
741 2165 831 2247 παρὰ
862 2164 941 2240 τοὺς
972 2165 1094 2240 ἀλλους
1125 2166 1272 2249 καρποὺς
1285 2174 1334 2232 XS

258 2271 416 2358 διεγείρει
438 2273 478 2337 τά
501 2271 634 2354 σώματα
657 2269 740 2356 πρὸς
767 2272 952 2335 συνουσίαν
979 2269 1187 2355 ἐσθιόμενος,
1214 2269 1270 2336 καὶ
1285 2299 1310 2338 ιε

256 2380 360 2464 ταύτῃ
392 2377 547 2444 καθίλκει
579 2379 638 2452 τὰς
669 2376 776 2459 ψυχάς
809 2373 862 2441 ἐπὶ
893 2377 955 2460 τήν
988 2374 1128 2459 γένεσιν.
1181 2374 1199 2441 δ
1232 2373 1269 2442 δὲ

257 2485 425 2562 Ποντικὸς
440 2483 658 2569 Ἡρακλείδης
681 2485 795 2567 φησίν,
818 2483 863 2558 ὡς
885 2486 920 2548 εί
938 2506 988 2560 τις
1010 2484 1069 2549 τὸν
1086 2481 1214 2568 κύαμον
1233 2483 1271 2549 ἐν

256 2598 354 2674 καινῇ
378 2590 467 2676 θήκῃ
490 2589 643 2674 ἐμβαλὼν
666 2586 851 2672 ἀποκρύψει
874 2595 913 2674 τῃ
940 2590 1052 2676 κόπρφ
1080 2587 1133 2655 ἐπὶ
1156 2606 1270 2656 τεσσα-

257 2696 403 2781 ράκοντα
424 2697 530 2772 πάσας
552 2695 692 2782 ἡμέρας,
719 2695 767 2772 είς
794 2696 874 2772 όύιν
901 2692 1084 2781 ἀνθρώπου
1107 2714 1269 2779 σεσαρκω-
1282 2725 1309 2764 το

224 2832 227 2837 ·
254 2801 360 2888 με’νου
382 2805 609 2888 μεταβαλόντα
630 2803 691 2868 τὸν
709 2802 840 2886 κύαμον
857 2802 999 2886 εὑρήσει,
1021 2801 1075 2868 καί
1095 2804 1151 2869 διά
1168 2813 1267 2872 τοῦτο

254 2909 315 2975 τὸν
337 2909 479 2993 ποιητήν
501 2911 620 2995 φάναι·

311 3012 386 3081 ἶσόν
408 3039 460 3080 τοι
481 3017 630 3100 κυάμους
652 3038 686 3080 τε
710 3025 832 3098 φαγεῖν
854 3016 998 3100 κεφαλάς
1019 3039 1054 3081 τε
1077 3020 1212 3101 τοκήων.

253 3119 422 3205 Διογένης
451 3106 488 3187 δδ
512 3120 548 3187 ἐν
571 3121 822 3207 τρισκαιδεκάτῃ
847 3120 993 3186 ἀπίστων
1021 3124 1123 3187 ταῦτά
1150 3141 1267 3207 φησιν·

326 3277 351 3312 v.
367 3263 401 3312 18
419 3257 751 3328 HeraclidesFHGIIp
753 3263 821 3312 ,197
887 3262 920 3311 13
938 3258 1011 3312 Abel
1022 3258 1103 3349 frgm
1119 3258 1203 3351 Orph
1214 3266 1266 3317 263

254 3335 289 3383 14
302 3329 443 3384 Antonius
453 3329 593 3399 Diogenes
603 3329 634 3385 ἐν
642 3276 856 3403 τρισκαιδεκάτῃ
865 3338 920 3385 τῶν
929 3327 998 3397 ὑπὲρ
1010 3330 1120 3401 Θούλῃν
1134 3329 1266 3388 ἀπίστων.

327 3473 351 3507 v.
368 3460 383 3508 1
403 3452 435 3509 ἐν
452 3452 588 3525 ταύτῃ-
552 3458 637 3507 -10
655 3451 722 3522 ἐλάμ
704 3454 812 3579 ρῃθανον
833 3453 912 3508 omis
929 3455 963 3508 X
1041 3459 1074 3509 13
1092 3455 1266 3523 θεραπεύον-

253 3544 297 3588 τες
321 3527 373 3579 cet.
396 3525 453 3579 des.
472 3524 506 3580 H
594 3529 628 3579 14
648 3521 690 3579 ὅτι
751 3527 833 3579 πνθα
834 3523 966 3607 γόρας-
932 3543 1007 3596 -p
1022 3530 1088 3597 100,
1103 3532 1136 3580 19
1158 3526 1266 3653 λύθρον

253 3597 301 3665 εύρ
303 3595 406 3664 ήσειδ
437 3593 491 3666 Ι”
475 3615 571 3650 οτι-
590 3592 709 3663 ἀπεστρέ
731 3614 776 3651 ετο
805 3595 883 3650 omis.
903 3595 936 3650 X
1040 3601 1128 3690 Ιόῃα

254 3617 301 3722 18ρ
308 3665 538 3730 Ποντικδςοωὶε.
552 3665 603 3736 X!
618 3666 668 3721 τδν
663 3615 791 3748 ]τάνΧ
862 3672 894 3721 19
913 3570 1269 3740 κενῆΧήθύιάρδΙβάλ-

252 3742 308 3793 λων
328 3738 368 3811 δή
383 3735 587 3827 τετταράκοντα
599 3669 641 3807 Ι,Β
660 3667 690 3791 1]11
707 3753 809 3808 marga
802 3737 1002 3820 wamiam
990 3757 1022 3794 m
1039 3739 1158 3796 Τι’ίατνιί
1174 3741 1266 3797 vindi-

252 3811 359 3866 catione
431 3807 531 3863 11ὃιὰ
550 3817 600 3863 τοῦ
618 3781 668 3864 τδν
681 3810 708 3863 A
780 3814 813 3863 23
832 3828 876 3863 τοι
894 3809 1144 3882 ο11111.81φαγείν
1157 3812 1205 3867 καὶ
1218 3829 1263 3866 κε·

253 3881 346 3952 φαλάς
359 3879 468 3949 τοκήων
481 3881 508 3934 A
581 3885 616 3934 24
635 3879 665 3934 ἐν
678 3879 889 3954 τρισκαιδεκάτῃ
903 3878 1027 3936 ἀπίστων
1039 3891 1127 3936 ταυτα
1141 3882 1218 3937 omis.
1234 3883 1267 3937 X

1068 3971 1104 4022 7·
