3074 4598
264 459 308 523 46
629 452 912 510 οιευουοουιοε

167 629 247 688 XYS
262 620 439 709 ἑβδομαίοις
452 623 511 697 τάς
520 618 643 694 Νάνας
658 615 852 704 ἐσήμαινον·
870 618 888 685 ὑ
902 619 966 703 νάρ
980 615 1120 703 ἕβδομος
1134 614 1286 702 ἀριθμὸς

193 728 378 797 ΧῩἩλίου
405 728 510 810 ἐστίν,
538 725 583 800 ὡς
604 725 797 811 ἔμπροσθεν
820 731 956 811 εἴρηται.
1002 724 1105 808 δῆλον
1126 726 1190 812 γάρ
1219 725 1284 810 τήν

262 831 325 920 μέν
348 835 523 918 ἐλαχίστην
549 839 607 915 τῆς
634 835 775 918 σελήνης
799 833 959 918 περίοδον
986 837 1091 898 ελκοσι
1119 830 1175 898 καὶ
1199 830 1284 899 ἑπτά

262 942 395 1028 ἡμερῶν
425 934 511 1004 εἶναι
540 935 596 1002 καὶ
625 939 723 1025 ὡρῶν
752 962 870 1023 τινων,
900 947 961 1006 τοῦ
984 934 1021 1005 δέ
1044 940 1153 1026 φωτὸς
1180 940 1283 1025 ἐγγὺς

228 1048 452 1135 θτριάκοντα,
489 1046 534 1122 ὡς
567 1043 622 1110 καὶ
658 1046 678 1132 ἡ
711 1043 774 1133 μέν
806 1053 867 1112 τοῦ
899 1051 1096 1130 σεληνιακοῦ
1128 1047 1283 1133 σώματος

237 1153 345 1240 ομέση
368 1152 631 1231 ἀποκατάστασις
657 1154 678 1238 ή
707 1153 958 1241 τρισκαιδεκάτη
982 1153 1087 1241 ἐστίν,
1112 1153 1133 1239 ἡ
1158 1152 1196 1221 δὲ
1216 1165 1282 1223 τοῦ

222 1273 248 1327 Χ
263 1261 373 1344 φωτὸς
394 1262 579 1345 μεσομηνία
605 1263 679 1345 ήτοι
702 1261 723 1346 ἡ
746 1261 1029 1344 πεντεκαιδεκάτη.
1073 1263 1187 1348 πρώτη
1210 1266 1280 1330 τοί-

263 1392 328 1434 νυν
341 1367 361 1452 ή
376 1371 545 1452 νεομηνία,
564 1367 596 1447 ἐξ
610 1363 649 1452 ής
663 1372 744 1446 έθος
753 1368 923 1454 Ῥωμαίοις
935 1375 1115 1454 προκαλελν
1128 1370 1190 1453 τήν
1204 1369 1281 1437 δευ-

192 1485 247 1542 ΧΥ
261 1473 361 1562 τέραν
384 1472 512 1561 ἑορτήν,
535 1475 684 1541 τουτέστι
708 1478 766 1554 τάς
788 1477 924 1553 Νάνας·
947 1472 1012 1541 εἰσὶ
1034 1472 1072 1541 δὲ
1092 1473 1190 1560 μέσαι
1213 1475 1280 1544 ἀπὸ

221 1607 249 1647 ιο
262 1592 321 1666 τῆς
341 1586 519 1667 νεομηνίας
545 1583 621 1668 ἀχρι
648 1595 717 1649 τῶν
742 1587 876 1649 Νωνίου
897 1583 918 1668 ή
936 1581 1091 1668 τέσσαρες
1112 1581 1133 1666 ή
1156 1581 1205 1667 ἔξ,
1232 1584 1282 1662 ὡς

261 1693 437 1772 γίγνεσθαι
469 1690 527 1767 τάς
558 1690 665 1765 πάσας
697 1691 762 1754 σὺν
792 1686 848 1754 καὶ
879 1689 962 1776 αὐτή
996 1698 1035 1776 τῇ
1065 1693 1225 1776 νεομηνία
1254 1688 1279 1775 ή

260 1794 359 1862 πέντε
381 1795 401 1880 ή
425 1792 513 1862 έπτά.
560 1802 662 1872 εἴτις
684 1791 748 1862 οὑν
770 1795 835 1861 ἀπὸ
862 1807 920 1882 της
941 1801 1122 1882 πεμπταίας
1143 1794 1199 1862 καὶ
1218 1797 1278 1864 αὑ·

261 1911 319 1988 τής
355 1902 451 1970 ἐννέα
486 1907 797 1990 προσεπιλομίσεται
833 1903 956 1992 ἡμέρας
987 1943 1030 1954 -
1062 1905 1144 1989 αὑτη
1183 1900 1219 1971 δὲ
1254 1905 1278 1990 ἡ

221 2013 436 2096 Ῡπροσθήκη
463 2013 553 2098 παρά
580 2009 751 2097 Ῥωμαίοις
781 2001 900 2079 Νῶναι
931 2018 1077 2080 καλεῖται
1108 2010 1183 2078 ἀντὶ
1214 2022 1279 2081 τοῦ

220 2139 247 2182 15
261 2116 370 2185 ἐννέα·
398 2127 556 2186 τοσαῦται
587 2118 651 2203 γάρ
681 2121 768 2185 εἰσιν
791 2157 833 2168 -
856 2120 988 2207 εὑρήσει
1011 2121 1072 2204 τὴν
1098 2118 1133 2185 ἐκ
1156 2129 1278 2206 μικρᾶς

261 2232 455 2312 σεληνιακῆς
473 2225 739 2292 ἀποκατάστασιν
756 2225 870 2312 μέσην,
888 2225 1037 2293 τουτέστι
1054 2229 1115 2312 τήν
1128 2242 1275 2311 τρισκαι-

260 2332 414 2419 δεκάτην·
447 2333 552 2410 οὑτως
583 2331 638 2398 καὶ
671 2331 724 2399 ἐπὶ
761 2343 819 2418 τής
856 2332 1033 2418 ἑβδομαίας
1067 2330 1136 2418 μετ’
1173 2331 1274 2418 αὐτῆς

192 2450 249 2507 XY
263 2439 419 2526 ἀριθμῶν
436 2442 495 2518 τάς
513 2439 609 2506 ἐννέα
627 2441 760 2526 εὑρήσει
778 2440 840 2523 τήν
854 2450 915 2506 τοῦ
933 2440 1042 2525 φωτὸς
1059 2441 1274 2524 μεσομηνίαν,

220 2559 245 2616 Χ
260 2546 410 2614 τουτέστι
420 2549 481 2633 τήν
494 2547 797 2631 πεντεκαιδεκάτην.
821 2544 1017 2633 ἀποφράδας
1030 2544 1067 2613 δὲ
1075 2547 1207 2622 πάντως
1215 2546 1274 2624 τάς

221 2679 247 2720 το
260 2658 383 2733 Νάνας
406 2651 512 2740 εἶχον,
540 2663 605 2719 νῦν
626 2649 689 2738 μὲν
712 2655 756 2729 ὡς
778 2652 842 2717 ἀπὸ
866 2662 923 2737 τής
945 2659 1126 2739 πεμπταίας
1147 2661 1214 2718 νῦν
1236 2649 1274 2718 δὲ

259 2762 304 2838 ὡς
326 2761 391 2827 ἀπὸ
415 2763 609 2845 διχοτόμου,
632 2755 716 2842 μηδὲ
740 2759 935 2843 ὠνομάσθαι
958 2759 979 2842 ή
1002 2762 1125 2844 ταύτην
1147 2757 1168 2841 ή
1191 2757 1272 2824 ε’κεί-

258 2891 323 2950 νηυ
345 2870 406 2951 τήν
425 2867 529 2951 φάσιν
546 2863 779 2949 ὑπομένοντες,
803 2863 887 2930 ἀλλά
904 2867 966 2948 τήν
983 2867 1063 2949 μετὰ
1082 2863 1178 2930 ἐννέα
1195 2864 1273 2949 ἡμέ-

330 3059 355 3097 v.
370 3048 385 3096 1
406 3041 529 3096 cf.1112
548 3058 575 3110 p.
590 3043 633 3108 33,
648 3043 682 3092 10

329 3221 354 3258 v.
370 3208 381 3256 1
406 3201 554 3271 ἐσήμαινεν
567 3199 625 3255 DS
639 3202 643 3268 Ι
659 3198 808 3272 ἑβδομαῖος
826 3198 856 3252 Υ
923 3203 939 3253 2
958 3196 1037 3268 ἡλίου
1056 3195 1128 3254 ἐστίν
1145 3201 1198 3254 cet.
1213 3199 1270 3256 des.

259 3273 281 3329 S
351 3280 367 3328 3
387 3272 615 3328 ἀποκατάστασιν
637 3271 666 3325 Υ
687 3268 822 3339 περίοδον
840 3269 872 3324 X
942 3267 1125 3338 ὀτρίακοντα
1147 3270 1182 3337 Y,
1207 3271 1271 3339 τριά

259 3343 305 3414 ἔτη
320 3345 351 3399 Χ
366 3348 370 3414 Ι
387 3343 429 3399 ὅτι
447 3344 465 3414 ή
480 3343 531 3414 μὲν
544 3351 594 3397 τοῦ
608 3345 772 3411 σεληνιακοῦ
786 3373 820 3382 -
836 3346 851 3393 λ
869 3341 1101 3411 πεντεκαιδεκάτη
1116 3341 1144 3410 S,
1162 3358 1213 3413 pro
1228 3341 1271 3398 ὅτι

257 3416 340 3487 posui
359 3417 396 3479 ὡς
414 3417 482 3487 καδΙ
503 3417 540 3478 ὡς
558 3414 654 3469 καλ-
670 3419 684 3467 7
704 3411 937 3482 πεντεκαιδεκάτη
956 3411 1034 3466 omis,
1053 3414 1096 3482 Χ,
1118 3413 1156 3476 ὥς
1173 3415 1222 3468 καὶ
1236 3446 1271 3456 -

258 3492 274 3540 9
290 3489 395 3550 Νὼνας
403 3486 481 3542 omis.
495 3488 524 3542 Υ
583 3490 597 3538 7
612 3483 673 3551 ἤτοι
684 3483 834 3539 delendum
844 3486 938 3538 censet
952 3481 1003 3538 Gn.
1013 3483 1091 3540 Kxoll
1150 3488 1166 3538 8
1185 3503 1269 3554 προσ-

257 3560 353 3613 καλεῖν
371 3559 400 3612 Β
508 3563 542 3612 10
562 3555 590 3622 ἓξ
612 3554 683 3610 καθ’
702 3554 735 3611 δν
757 3553 884 3626 ἐλέγομεν
905 3552 1010 3621 τρόπον
1032 3556 1070 3619 ὡς
1108 3553 1221 3611 ίνεσθαι
1244 3557 1274 3612 Y

259 3635 291 3682 11
311 3637 344 3700 τῇ
363 3629 442 3684 omis.
462 3629 494 3684 X
508 3626 546 3701 Ιῆ
565 3626 642 3684 omis.
658 3627 690 3681 X
761 3632 794 3680 13
812 3623 1052 3696 προεπιλοηίσεται
1106 3627 1147 3695 Β,
1170 3644 1269 3695 προσε-

160 3735 164 3741 -
258 3699 446 3770 πιλοηίσαιται
463 3702 491 3755 Δ
565 3705 598 3753 14
616 3701 768 3754 καλοῦνται
787 3697 818 3753 Χ
833 3701 836 3766 Ι
857 3697 920 3753 ἀντὶ
934 3728 968 3737 -
984 3703 1017 3752 18
1036 3695 1117 3753 ἐννέα
1136 3696 1214 3751 omis.
1232 3699 1270 3767 A,

258 3771 323 3826 ἀντὶ
335 3804 372 3812 -
387 3777 419 3826 18
438 3768 609 3843 μεσομηνίαν
632 3769 735 3824 desunt
753 3770 781 3824 B
872 3775 904 3822 19
923 3768 1137 3839 ἀποφράδας-
1151 3786 1180 3839 p.
1194 3774 1238 3840 47,
1252 3774 1269 3823 2

258 3842 420 3914 ἐπετήρησεν
438 3861 517 3900 onus.
535 3843 582 3914 Yl
597 3839 706 3904 πάντας
722 3841 751 3896 Β
