3074 4598
261 455 373 514 XXXIV
660 455 867 514 PRAEFATIO

256 625 471 704 Weehsmuth‚
506 626 543 687 ef.
576 624 611 686 de
640 643 732 686 mens.
759 647 789 705 p.
814 628 898 705 52,7
921 619 1013 712 epp).
1058 626 1138 688 ediio
1167 630 1269 688 eutem

257 720 329 780 sunl
351 736 387 778 ee
410 717 448 779 eb
470 716 536 794 ipe'o
559 713 755 778 Boiesonedio
778 717 841 778 Le.
858 736 888 794 p.
906 719 979 779 416.

321 806 359 867 Id
382 824 513 883 quoque,
536 802 616 880 quod
636 804 659 864 f.
682 806 741 867 98⁸
764 805 873 867 oodieis
889 806 913 868 P
931 804 1045 887 legitur
1066 805 1269 885 fragmentum

255 892 394 976 περὶτοῦ
416 897 573 956 καλεῖσθαι
585 892 717 972 Δάφνην
738 893 794 974 τὴν
816 893 883 976 περὶ
900 894 931 958 τὸ
949 895 1099 958 Παλάτιον
1121 917 1137 956 e
1154 896 1271 957 maiore

256 986 342 1063 perte
366 983 516 1044 consentit
538 1001 606 1042 eum
623 982 703 1060 Lydi
725 983 861 1045 oodioeS
879 976 960 1067 (inde
983 983 1022 1045 eb
1045 984 1087 1045 ed
1101 1004 1132 1062 p.
1147 977 1270 1068 oen),

257 1074 341 1134 etin
364 1093 409 1150 ee,
433 1091 495 1150 quo.
516 1072 629 1134 nullius
651 1073 777 1134 alienius
800 1073 908 1134 eodieie
928 1073 1130 1135 testimonium
1146 1077 1270 1150 praesto

255 1161 341 1222 nobis
360 1163 415 1239 esi,
436 1164 533 1241 panio,
554 1161 601 1223 bis
623 1160 663 1223 ed
681 1162 810 1223 eliorum
827 1161 898 1222 libri
914 1161 949 1222 de
967 1163 1115 1224 mensibus
1132 1163 1269 1224 locorum

254 1249 343 1310 fidem
351 1269 515 1328 provocare
524 1269 694 1329 possumus:
709 1249 744 1312 de
751 1251 862 1311 Latino
872 1250 989 1311 Aeneae
997 1268 1097 1312 eooero
1106 1243 1269 1334 (penne)

254 1337 358 1402 videas
381 1360 411 1418 p.
433 1343 461 1416 7,
472 1343 524 1420 20,
547 1343 587 1418 ei,
614 1339 646 1399 id
669 1338 750 1417 quod
774 1339 896 1419 gnavius
918 1340 971 1414 eet,
994 1336 1030 1398 de
1052 1339 1186 1416 Daphne,
1208 1340 1266 1400 Pe.-

253 1426 321 1489 lelii
350 1429 513 1508 Byzantini
542 1431 637 1507 parte,
666 1429 769 1507 egitur
801 1448 832 1506 p.
858 1428 959 1504 163,7.
1014 1445 1090 1502 quoe
1122 1444 1190 1488 eum
1220 1429 1270 1488 ite.

254 1520 367 1594 essent,
396 1521 600 1598 fragmentum
628 1517 706 1577 illud
733 1516 885 1596 integrum
905 1513 1009 1576 rettuli
1036 1516 1074 1574 ed
1096 1515 1267 1577 editionem.

254 1626 375 1668 monere
399 1609 502 1668 eutem
524 1606 626 1682 liceat,
650 1623 805 1665 occurrere
827 1603 903 1665 illud
922 1605 1030 1664 ilerum
1052 1603 1083 1663 in
1105 1603 1181 1663 libro
1203 1605 1267 1680 illo,

255 1715 345 1774 quem
374 1694 510 1756 Geuieno
537 1694 631 1753 Basso
659 1692 757 1753 solent
784 1693 914 1752 nibuere
935 1685 1001 1774 (XI,
1020 1684 1065 1774 2),
1086 1689 1265 1769 insenipium

253 1781 321 1863 περὶ
348 1782 468 1860 δάφνης
497 1780 619 1862 ἱστορία,
651 1778 759 1841 omisso
788 1780 919 1841 auetons
944 1778 1063 1840 nomine
1090 1783 1121 1841 ei
1145 1783 1266 1841 mutate.

254 1869 473 1932 sententiarum
502 1866 580 1929 sede.
631 1887 708 1946 quae
737 1886 785 1929 res
818 1868 942 1930 fortasse
971 1867 1096 1930 alieuius
1122 1868 1268 1931 momenti

253 1961 299 2020 esi
328 1959 367 2018 ed
397 1957 596 2019 definiendum
621 1960 754 2035 tempus,
784 1976 843 2036 quo
870 1957 1002 2020 collectio
1031 1956 1265 2036 Geoponioorum

252 2049 335 2110 fecta
348 2040 422 2122 sit3¹
440 2065 512 2106 num
530 2045 556 2106 si
570 2066 586 2106 e
599 2046 677 2124 Lydi
692 2065 781 2124 opere
799 2048 856 2108 hoo
868 2050 957 2125 eaput
969 2047 1174 2126 exsenipsit-
1186 2067 1263 2127 quae

252 2137 388 2215 proxima
416 2136 463 2196 esi
485 2133 654 2196 coniectura
674 2167 712 2178 -
733 2137 804 2213 post
825 2137 953 2198 medium
975 2139 1090 2198 sexium
1112 2138 1265 2198 soeculum

251 2226 360 2287 vixisse
383 2244 452 2285 eum
475 2225 611 2301 apparel,
633 2223 688 2301 qui
710 2225 913 2286 collectionem
929 2225 1014 2286 illum
1032 2225 1089 2286 sibi
1106 2226 1264 2304 congessit.

317 2313 505 2374 Praecednni
541 2313 642 2373 eutem
673 2312 706 2371 in
737 2313 838 2374 codiee
868 2312 893 2373 P
922 2312 1079 2390 nonnulle,
1117 2331 1193 2391 quae
1225 2313 1263 2374 de

251 2407 366 2481 septem
389 2400 516 2463 eollibus
538 2400 620 2461 urbis
642 2400 755 2462 Romae
779 2421 937 2481 eorumque
962 2402 1130 2463 nominibus
1152 2404 1262 2481 egunt:

251 2491 390 2569 Lydiene.
411 2490 468 2550 illo.
490 2507 553 2549 esse
576 2488 797 2551 demonstretur
819 2509 867 2569 eo,
889 2490 966 2569 quod
989 2489 1028 2551 ed
1049 2491 1171 2552 verbum
1193 2511 1264 2554 eon·

252 2580 386 2641 sentiunt
409 2598 478 2640 oum
501 2576 601 2639 oodiee
625 2577 780 2640 Gesoolino
805 2570 865 2658 (ed.
877 2600 906 2657 p.
921 2581 1021 2658 173,1
1037 2613 1074 2624 -
1086 2574 1132 2663 4).
1165 2600 1263 2659 neque

252 2667 390 2730 omiiiere
411 2667 497 2744 licet,
526 2667 689 2727 inncieium
716 2665 783 2745 περὶ
804 2667 932 2747 Δάφνης
953 2668 1086 2746 excipere
1108 2668 1141 2728 in
1162 2668 1262 2730 oodioe

252 2756 277 2817 P
302 2758 432 2817 alierum
453 2753 552 2816 πόθεν
574 2753 715 2836 παρήχθη
738 2754 771 2818 τὸ
793 2755 864 2829 τοὺς
884 2756 1019 2829 λιθίνους
1040 2755 1186 2838 κρουνοὺς
1202 2765 1263 2818 τῶν

251 2849 352 2924 ipone
366 2843 644 2924 λεοντοπροσάποος
666 2848 773 2924 ποιεῖν,
797 2863 872 2922 quae
886 2844 924 2905 ed
939 2845 1062 2905 uerbum
1075 2847 1263 2906 consentiunt

253 2953 320 2994 eum
343 2933 444 2995 codiee
466 2932 495 2992 R
516 2951 546 3009 p.
565 2934 670 3008 44‚17
694 2933 786 3007 lieu,
814 2951 889 3009 quoe
915 2934 1039 2992 fortusse
1062 2965 1104 2976 -
1127 2934 1262 2994 sednon

249 3024 328 3083 eeiie
356 3053 400 3064 -
428 3041 444 3082 e
471 3020 633 3082 Laurentio
667 3020 844 3098 deprompta
882 3039 942 3082 esee
973 3040 1063 3097 supra
1095 3012 1137 3102 (p.
1155 3014 1260 3104 XVP)

250 3109 388 3171 diximus.
430 3110 531 3170 omnia
554 3111 654 3171 nutem
675 3109 750 3170 haee
771 3110 939 3188 fingmento
959 3109 1022 3169 iam
1043 3108 1158 3187 pridem
1179 3110 1263 3189 typie

251 3218 357 3260 excuse
379 3199 513 3260 invenies
541 3198 621 3277 apud
648 3199 775 3258 eundem
797 3197 1023 3259 Boiesonedium
1044 3199 1065 3258 l.
1087 3217 1109 3258 s.
1132 3219 1161 3276 p.
1185 3202 1261 3261 424.

316 3287 465 3348 Ultimum
488 3288 569 3365 quod
598 3287 720 3348 afferam
748 3286 845 3348 habeo
868 3285 973 3348 eodiois
995 3287 1020 3348 P
1042 3288 1148 3348 folium
1172 3290 1261 3364 100¹,

249 3375 302 3436 ubi
323 3376 489 3437 laudantur
516 3372 548 3435 ἐκ
574 3384 633 3437 τῶν
656 3375 792 3457 ἱστοριῶν
816 3368 955 3438 Ἰωάννου
977 3383 1030 3437 τοῦ
1055 3373 1261 3455 Φιλαδελφὲως

250 3464 446 3542 depromptae
473 3467 610 3526 ueterum
632 3465 668 3524 de
693 3463 814 3525 Nemesi
841 3465 1015 3542 sententiae,
1045 3484 1118 3542 ques
1147 3485 1202 3544 ego
1224 3468 1262 3525 ut

248 3553 326 3613 libro
350 3553 387 3613 de
409 3553 562 3614 mensibus
585 3554 661 3615 falso
685 3553 836 3631 quondum
861 3553 986 3614 tributu
1010 3553 1136 3615 edendae
1159 3554 1260 3614 curavi

248 3661 277 3718 p.
298 3642 538 3716 184‚10-16:
574 3660 634 3720 que
662 3641 699 3702 de
728 3662 761 3702 re
789 3641 870 3701 inim
897 3642 983 3720 pluro
1012 3644 1099 3703 erunt
1127 3641 1259 3703 dicende.

322 3829 332 3861 ¹
349 3827 543 3885 Krumbooher
560 3828 658 3885 Geeoh.
677 3827 705 3883 d.
722 3828 785 3900 byn.
803 3827 886 3885 Lite·
901 3848 928 3902 p.
947 3834 1007 3884 262.
