<?xml version="1.0" encoding="UTF-8"?>
<!DOCTYPE html PUBLIC "-//W3C//DTD XHTML 1.0 Transitional//EN"
    "http://www.w3.org/TR/xhtml1/DTD/xhtml1-transitional.dtd">
<html xmlns="http://www.w3.org/1999/xhtml" xml:lang="en" lang="en">
 <head>
  <title>
</title>
<meta http-equiv="Content-Type" content="text/html;charset=utf-8" />
  <meta name='ocr-system' content='tesseract 3.04.00' />
  <meta name='ocr-capabilities' content='ocr_page ocr_carea ocr_par ocr_line ocrx_word'/>
</head>
<body>
  <div class='ocr_page' id='page_1' title='image "./ioannislaurenti00wuengoog_0099.png"; bbox 0 0 3074 4598; ppageno 0'>
   <div class='ocr_carea' id='block_1_1' title="bbox 112 621 234 718">
    <p class='ocr_par' dir='ltr' id='par_1_1' title="bbox 112 621 234 718">
     <span class='ocr_line' id='line_1_1' title="bbox 123 621 234 663; baseline 0 0"><span class='ocrx_word' id='word_1_1' title='bbox 123 621 234 663; x_wconf 76' lang='lat' dir='ltr'>editionis</span> 
     </span>
     <span class='ocr_line' id='line_1_2' title="bbox 112 675 234 718; baseline 0.008 -1"><span class='ocrx_word' id='word_1_2' title='bbox 112 675 234 718; x_wconf 74' lang='lat' dir='ltr'>institutio</span> 
     </span>
    </p>
   </div>
   <div class='ocr_carea' id='block_1_2' title="bbox 250 453 857 512">
    <p class='ocr_par' dir='ltr' id='par_1_2' title="bbox 250 453 857 512">
     <span class='ocr_line' id='line_1_3' title="bbox 250 453 857 512; baseline 0.005 -3"><span class='ocrx_word' id='word_1_3' title='bbox 250 453 299 512; x_wconf 81' lang='lat' dir='ltr'>XO</span> <span class='ocrx_word' id='word_1_4' title='bbox 650 454 857 512; x_wconf 77' lang='lat' dir='ltr'><strong>PRAEFATIO</strong></span> 
     </span>
    </p>
   </div>
   <div class='ocr_carea' id='block_1_3' title="bbox 240 623 1258 2661">
    <p class='ocr_par' dir='ltr' id='par_1_3' title="bbox 240 623 1258 2661">
     <span class='ocr_line' id='line_1_4' title="bbox 316 623 1258 703; baseline 0 -17"><span class='ocrx_word' id='word_1_5' title='bbox 316 624 429 695; x_wconf 86' lang='lat' dir='ltr'>Quibus</span> <span class='ocrx_word' id='word_1_6' title='bbox 450 623 595 702; x_wconf 84' lang='lat' dir='ltr'>expeditis</span> <span class='ocrx_word' id='word_1_7' title='bbox 613 623 676 684; x_wconf 85' lang='lat' dir='ltr'>iam</span> <span class='ocrx_word' id='word_1_8' title='bbox 693 624 732 684; x_wconf 91' lang='lat' dir='ltr'>ad</span> <span class='ocrx_word' id='word_1_9' title='bbox 749 624 848 703; x_wconf 88' lang='lat' dir='ltr'>ipsum</span> <span class='ocrx_word' id='word_1_10' title='bbox 866 625 1003 686; x_wconf 77' lang='lat' dir='ltr'>editionis</span> <span class='ocrx_word' id='word_1_11' title='bbox 1020 625 1158 688; x_wconf 87' lang='lat' dir='ltr'>habitum</span> <span class='ocrx_word' id='word_1_12' title='bbox 1176 645 1258 688; x_wconf 88' lang='lat' dir='ltr'>acce·</span> 
     </span>
     <span class='ocr_line' id='line_1_5' title="bbox 250 713 1257 796; baseline 0.003 -22"><span class='ocrx_word' id='word_1_13' title='bbox 250 715 364 791; x_wconf 89' lang='lat' dir='ltr'>damus,</span> <span class='ocrx_word' id='word_1_14' title='bbox 391 734 480 794; x_wconf 88' lang='lat' dir='ltr'>quem</span> <span class='ocrx_word' id='word_1_15' title='bbox 501 713 546 774; x_wconf 90' lang='lat' dir='ltr'>ita</span> <span class='ocrx_word' id='word_1_16' title='bbox 567 713 700 792; x_wconf 88' lang='lat' dir='ltr'>institui,</span> <span class='ocrx_word' id='word_1_17' title='bbox 727 717 762 774; x_wconf 88' lang='lat' dir='ltr'>ut</span> <span class='ocrx_word' id='word_1_18' title='bbox 784 715 909 796; x_wconf 88' lang='lat' dir='ltr'>singulis</span> <span class='ocrx_word' id='word_1_19' title='bbox 931 716 1125 794; x_wconf 74' lang='lat' dir='ltr'>paragraphis</span> <span class='ocrx_word' id='word_1_20' title='bbox 1148 715 1257 777; x_wconf 89' lang='lat' dir='ltr'>adscri-</span> 
     </span>
     <span class='ocr_line' id='line_1_6' title="bbox 248 801 1255 866; baseline 0.003 -3"><span class='ocrx_word' id='word_1_21' title='bbox 248 803 371 864; x_wconf 88' lang='lat' dir='ltr'>beretur</span> <span class='ocrx_word' id='word_1_22' title='bbox 400 820 542 863; x_wconf 88' lang='lat' dir='ltr'>numerus</span> <span class='ocrx_word' id='word_1_23' title='bbox 579 801 718 865; x_wconf 75' lang='lat' dir='ltr'>editionis</span> <span class='ocrx_word' id='word_1_24' title='bbox 749 804 965 866; x_wconf 85' lang='lat' dir='ltr'>Boethcrianae</span> <span class='ocrx_word' id='word_1_25' title='bbox 997 835 1038 846; x_wconf 91' lang='lat'>-</span> <span class='ocrx_word' id='word_1_26' title='bbox 1070 807 1107 863; x_wconf 91' lang='lat' dir='ltr'>ut</span> <span class='ocrx_word' id='word_1_27' title='bbox 1136 805 1255 866; x_wconf 89' lang='lat' dir='ltr'>omnino</span> 
     </span>
     <span class='ocr_line' id='line_1_7' title="bbox 248 890 1258 972; baseline 0.002 -19"><span class='ocrx_word' id='word_1_28' title='bbox 248 893 336 953; x_wconf 88' lang='lat' dir='ltr'>illam</span> <span class='ocrx_word' id='word_1_29' title='bbox 356 890 561 952; x_wconf 84' lang='lat' dir='ltr'>Bchhcrianac</span> <span class='ocrx_word' id='word_1_30' title='bbox 588 893 732 970; x_wconf 88' lang='lat' dir='ltr'>praetuli,</span> <span class='ocrx_word' id='word_1_31' title='bbox 763 895 874 972; x_wconf 86' lang='lat' dir='ltr'>quippe</span> <span class='ocrx_word' id='word_1_32' title='bbox 905 913 965 971; x_wconf 91' lang='lat' dir='ltr'>qua</span> <span class='ocrx_word' id='word_1_33' title='bbox 993 891 1064 953; x_wconf 85' lang='lat' dir='ltr'>novi</span> <span class='ocrx_word' id='word_1_34' title='bbox 1092 892 1154 954; x_wconf 85' lang='lat' dir='ltr'>fare</span> <span class='ocrx_word' id='word_1_35' title='bbox 1180 894 1258 955; x_wconf 90' lang='lat' dir='ltr'>nihil</span> 
     </span>
     <span class='ocr_line' id='line_1_8' title="bbox 247 981 1256 1061; baseline 0.002 -20"><span class='ocrx_word' id='word_1_36' title='bbox 247 982 428 1059; x_wconf 88' lang='lat' dir='ltr'>praestitum</span> <span class='ocrx_word' id='word_1_37' title='bbox 451 982 529 1040; x_wconf 87' lang='lat' dir='ltr'>esset</span> <span class='ocrx_word' id='word_1_38' title='bbox 548 1013 589 1023; x_wconf 90' lang='lat'>-</span> <span class='ocrx_word' id='word_1_39' title='bbox 608 981 733 1061; x_wconf 82' lang='lat' dir='ltr'>singulis</span> <span class='ocrx_word' id='word_1_40' title='bbox 755 1002 827 1044; x_wconf 85' lang='lat' dir='ltr'>vero</span> <span class='ocrx_word' id='word_1_41' title='bbox 849 983 982 1045; x_wconf 86' lang='lat' dir='ltr'>versibus</span> <span class='ocrx_word' id='word_1_42' title='bbox 1001 981 1160 1042; x_wconf 74' lang='lat' dir='ltr'>adderetur</span> <span class='ocrx_word' id='word_1_43' title='bbox 1177 984 1256 1043; x_wconf 88' lang='lat' dir='ltr'>codi-</span> 
     </span>
     <span class='ocr_line' id='line_1_9' title="bbox 248 1069 1256 1149; baseline 0.002 -19"><span class='ocrx_word' id='word_1_44' title='bbox 248 1090 317 1130; x_wconf 88' lang='lat' dir='ltr'>cum</span> <span class='ocrx_word' id='word_1_45' title='bbox 338 1071 419 1146; x_wconf 74' lang='lat' dir='ltr'>nota,</span> <span class='ocrx_word' id='word_1_46' title='bbox 442 1089 458 1129; x_wconf 89' lang='grc'>1</span> <span class='ocrx_word' id='word_1_47' title='bbox 482 1069 590 1148; x_wconf 88' lang='lat' dir='ltr'>quibus</span> <span class='ocrx_word' id='word_1_48' title='bbox 612 1071 701 1148; x_wconf 89' lang='lat' dir='ltr'>petiti</span> <span class='ocrx_word' id='word_1_49' title='bbox 723 1073 833 1145; x_wconf 80' lang='lat' dir='ltr'>essant3</span> <span class='ocrx_word' id='word_1_50' title='bbox 855 1072 936 1149; x_wconf 89' lang='lat' dir='ltr'>ipsas</span> <span class='ocrx_word' id='word_1_51' title='bbox 959 1072 1093 1134; x_wconf 85' lang='lat' dir='ltr'>codicum</span> <span class='ocrx_word' id='word_1_52' title='bbox 1114 1071 1256 1132; x_wconf 89' lang='lat' dir='ltr'>lectiones</span> 
     </span>
     <span class='ocr_line' id='line_1_10' title="bbox 247 1158 1257 1238; baseline 0.002 -20"><span class='ocrx_word' id='word_1_53' title='bbox 247 1158 410 1235; x_wconf 88' lang='lat' dir='ltr'>apparatui</span> <span class='ocrx_word' id='word_1_54' title='bbox 439 1178 530 1237; x_wconf 88' lang='lat' dir='ltr'>quem</span> <span class='ocrx_word' id='word_1_55' title='bbox 555 1163 665 1220; x_wconf 88' lang='lat' dir='ltr'>vocant</span> <span class='ocrx_word' id='word_1_56' title='bbox 691 1159 793 1220; x_wconf 88' lang='lat' dir='ltr'>critico</span> <span class='ocrx_word' id='word_1_57' title='bbox 815 1160 939 1237; x_wconf 88' lang='lat' dir='ltr'>inserui,</span> <span class='ocrx_word' id='word_1_58' title='bbox 965 1162 1097 1238; x_wconf 88' lang='lat' dir='ltr'>itemque</span> <span class='ocrx_word' id='word_1_59' title='bbox 1123 1160 1257 1220; x_wconf 85' lang='lat' dir='ltr'>virorum</span> 
     </span>
     <span class='ocr_line' id='line_1_11' title="bbox 246 1248 1256 1328; baseline 0.003 -20"><span class='ocrx_word' id='word_1_60' title='bbox 246 1248 404 1317; x_wconf 89' lang='lat' dir='ltr'>doctorum</span> <span class='ocrx_word' id='word_1_61' title='bbox 422 1248 615 1326; x_wconf 84' lang='lat' dir='ltr'>coniecturas,</span> <span class='ocrx_word' id='word_1_62' title='bbox 636 1268 764 1327; x_wconf 91' lang='lat' dir='ltr'>quarum</span> <span class='ocrx_word' id='word_1_63' title='bbox 780 1251 882 1309; x_wconf 86' lang='lat' dir='ltr'>tumen</span> <span class='ocrx_word' id='word_1_64' title='bbox 900 1250 986 1310; x_wconf 87' lang='lat' dir='ltr'>omisi</span> <span class='ocrx_word' id='word_1_65' title='bbox 1004 1268 1062 1326; x_wconf 78' lang='lat' dir='ltr'>eas,</span> <span class='ocrx_word' id='word_1_66' title='bbox 1082 1269 1159 1328; x_wconf 90' lang='lat' dir='ltr'>quae</span> <span class='ocrx_word' id='word_1_67' title='bbox 1176 1269 1256 1311; x_wconf 88' lang='lat' dir='ltr'>nunc</span> 
     </span>
     <span class='ocr_line' id='line_1_12' title="bbox 245 1336 1256 1418; baseline 0.004 -22"><span class='ocrx_word' id='word_1_68' title='bbox 245 1336 279 1396; x_wconf 87' lang='lat' dir='ltr'>in</span> <span class='ocrx_word' id='word_1_69' title='bbox 307 1336 381 1414; x_wconf 86' lang='lat' dir='ltr'>ipsis</span> <span class='ocrx_word' id='word_1_70' title='bbox 410 1338 561 1400; x_wconf 76' lang='lat' dir='ltr'>codicibus</span> <span class='ocrx_word' id='word_1_71' title='bbox 589 1339 740 1418; x_wconf 80' lang='lat' dir='ltr'>leguntur,</span> <span class='ocrx_word' id='word_1_72' title='bbox 770 1356 892 1416; x_wconf 84' lang='lat' dir='ltr'>easque,</span> <span class='ocrx_word' id='word_1_73' title='bbox 922 1355 996 1415; x_wconf 88' lang='lat' dir='ltr'>quas</span> <span class='ocrx_word' id='word_1_74' title='bbox 1024 1338 1136 1400; x_wconf 88' lang='lat' dir='ltr'>nullius</span> <span class='ocrx_word' id='word_1_75' title='bbox 1164 1339 1256 1417; x_wconf 88' lang='lat' dir='ltr'>pretii</span> 
     </span>
     <span class='ocr_line' id='line_1_13' title="bbox 245 1425 1255 1506; baseline 0.002 -20"><span class='ocrx_word' id='word_1_76' title='bbox 245 1444 310 1487; x_wconf 86' lang='lat' dir='ltr'>esse</span> <span class='ocrx_word' id='word_1_77' title='bbox 338 1427 418 1488; x_wconf 83' lang='lat' dir='ltr'>duxi.</span> <span class='ocrx_word' id='word_1_78' title='bbox 463 1427 599 1488; x_wconf 86' lang='lat' dir='ltr'>addenda</span> <span class='ocrx_word' id='word_1_79' title='bbox 626 1429 727 1487; x_wconf 88' lang='lat' dir='ltr'>autem</span> <span class='ocrx_word' id='word_1_80' title='bbox 752 1427 790 1488; x_wconf 90' lang='lat' dir='ltr'>iis</span> <span class='ocrx_word' id='word_1_81' title='bbox 816 1429 882 1487; x_wconf 90' lang='lat' dir='ltr'>erat</span> <span class='ocrx_word' id='word_1_82' title='bbox 908 1425 1033 1486; x_wconf 83' lang='lat' dir='ltr'>fortasse</span> <span class='ocrx_word' id='word_1_83' title='bbox 1060 1445 1108 1502; x_wconf 88' lang='grc'>11,</span> <span class='ocrx_word' id='word_1_84' title='bbox 1135 1428 1168 1488; x_wconf 87' lang='lat' dir='ltr'>in</span> <span class='ocrx_word' id='word_1_85' title='bbox 1194 1448 1255 1506; x_wconf 88' lang='lat' dir='ltr'>qua</span> 
     </span>
     <span class='ocr_line' id='line_1_14' title="bbox 244 1514 1254 1593; baseline 0.002 -16"><span class='ocrx_word' id='word_1_86' title='bbox 244 1515 280 1576; x_wconf 90' lang='lat' dir='ltr'>L.</span> <span class='ocrx_word' id='word_1_87' title='bbox 304 1515 435 1577; x_wconf 81' lang='lat' dir='ltr'>Oobnius</span> <span class='ocrx_word' id='word_1_88' title='bbox 457 1516 623 1593; x_wconf 87' lang='lat' dir='ltr'>periculum</span> <span class='ocrx_word' id='word_1_89' title='bbox 649 1516 721 1575; x_wconf 88' lang='lat' dir='ltr'>fecit</span> <span class='ocrx_word' id='word_1_90' title='bbox 747 1515 786 1574; x_wconf 90' lang='lat' dir='ltr'>ad</span> <span class='ocrx_word' id='word_1_91' title='bbox 811 1515 901 1575; x_wconf 90' lang='lat' dir='ltr'>fidem</span> <span class='ocrx_word' id='word_1_92' title='bbox 921 1514 1055 1575; x_wconf 87' lang='lat' dir='ltr'>Philonis</span> <span class='ocrx_word' id='word_1_93' title='bbox 1078 1517 1115 1574; x_wconf 92' lang='lat' dir='ltr'>de</span> <span class='ocrx_word' id='word_1_94' title='bbox 1137 1517 1254 1593; x_wconf 87' lang='lat' dir='ltr'>opificio</span> 
     </span>
     <span class='ocr_line' id='line_1_15' title="bbox 244 1595 1254 1685; baseline 0.001 -21"><span class='ocrx_word' id='word_1_95' title='bbox 244 1605 350 1664; x_wconf 88' lang='lat' dir='ltr'>mundi</span> <span class='ocrx_word' id='word_1_96' title='bbox 382 1604 402 1683; x_wconf 61' lang='grc' dir='ltr'><strong>ξ</strong></span> <span class='ocrx_word' id='word_1_97' title='bbox 426 1608 489 1665; x_wconf 83' lang='grc'>117</span> <span class='ocrx_word' id='word_1_98' title='bbox 518 1597 577 1685; x_wconf 87' lang='lat' dir='ltr'>(ed.</span> <span class='ocrx_word' id='word_1_99' title='bbox 607 1601 874 1664; x_wconf 68' lang='lat' dir='ltr'>(John-Wandland</span> <span class='ocrx_word' id='word_1_100' title='bbox 900 1603 916 1662; x_wconf 97' lang='grc' dir='ltr'>Ι</span> <span class='ocrx_word' id='word_1_101' title='bbox 941 1625 970 1681; x_wconf 89' lang='lat' dir='ltr'>p.</span> <span class='ocrx_word' id='word_1_102' title='bbox 993 1595 1064 1684; x_wconf 87' lang='grc'>41),</span> <span class='ocrx_word' id='word_1_103' title='bbox 1090 1604 1143 1662; x_wconf 90' lang='lat' dir='ltr'>ubi</span> <span class='ocrx_word' id='word_1_104' title='bbox 1168 1603 1254 1681; x_wconf 83' lang='lat' dir='ltr'>Lydo</span> 
     </span>
     <span class='ocr_line' id='line_1_16' title="bbox 243 1689 1254 1771; baseline 0 -18"><span class='ocrx_word' id='word_1_105' title='bbox 243 1714 273 1770; x_wconf 89' lang='lat' dir='ltr'>p.</span> <span class='ocrx_word' id='word_1_106' title='bbox 294 1695 345 1768; x_wconf 79' lang='grc'>34,</span> <span class='ocrx_word' id='word_1_107' title='bbox 365 1697 404 1754; x_wconf 84' lang='grc'>21</span> <span class='ocrx_word' id='word_1_108' title='bbox 429 1713 484 1770; x_wconf 90' lang='lat' dir='ltr'>pro</span> <span class='ocrx_word' id='word_1_109' title='bbox 508 1690 557 1753; x_wconf 78' lang='grc' dir='ltr'>διὰ</span> <span class='ocrx_word' id='word_1_110' title='bbox 574 1689 739 1752; x_wconf 78' lang='lat' dir='ltr'>vindicavit</span> <span class='ocrx_word' id='word_1_111' title='bbox 757 1691 831 1771; x_wconf 81' lang='grc' dir='ltr'><strong><em>δίχα.</em></strong></span> <span class='ocrx_word' id='word_1_112' title='bbox 865 1693 997 1769; x_wconf 87' lang='lat' dir='ltr'>itemque</span> <span class='ocrx_word' id='word_1_113' title='bbox 1015 1691 1041 1752; x_wconf 89' lang='lat' dir='ltr'>si</span> <span class='ocrx_word' id='word_1_114' title='bbox 1059 1711 1137 1770; x_wconf 87' lang='lat' dir='ltr'>qnae</span> <span class='ocrx_word' id='word_1_115' title='bbox 1156 1695 1254 1753; x_wconf 88' lang='lat' dir='ltr'>essent</span> 
     </span>
     <span class='ocr_line' id='line_1_17' title="bbox 245 1778 1253 1858; baseline 0 -16"><span class='ocrx_word' id='word_1_116' title='bbox 245 1781 419 1842; x_wconf 89' lang='lat' dir='ltr'>testimonia</span> <span class='ocrx_word' id='word_1_117' title='bbox 441 1781 575 1858; x_wconf 88' lang='lat' dir='ltr'>ipsorum</span> <span class='ocrx_word' id='word_1_118' title='bbox 596 1778 752 1840; x_wconf 84' lang='lat' dir='ltr'>Laurentii</span> <span class='ocrx_word' id='word_1_119' title='bbox 773 1780 931 1841; x_wconf 82' lang='lat' dir='ltr'>verborum</span> <span class='ocrx_word' id='word_1_120' title='bbox 953 1781 990 1841; x_wconf 87' lang='lat' dir='ltr'>ab</span> <span class='ocrx_word' id='word_1_121' title='bbox 1013 1781 1080 1842; x_wconf 90' lang='lat' dir='ltr'>aliis</span> <span class='ocrx_word' id='word_1_122' title='bbox 1103 1781 1253 1844; x_wconf 87' lang='lat' dir='ltr'>codicibus</span> 
     </span>
     <span class='ocr_line' id='line_1_18' title="bbox 243 1868 1253 1948; baseline 0.002 -19"><span class='ocrx_word' id='word_1_123' title='bbox 243 1870 293 1930; x_wconf 85' lang='lat' dir='ltr'>vel</span> <span class='ocrx_word' id='word_1_124' title='bbox 316 1869 509 1948; x_wconf 83' lang='lat' dir='ltr'>scriptoribus</span> <span class='ocrx_word' id='word_1_125' title='bbox 531 1875 664 1947; x_wconf 83' lang='lat' dir='ltr'>servata,</span> <span class='ocrx_word' id='word_1_126' title='bbox 691 1868 793 1930; x_wconf 89' lang='lat' dir='ltr'>eodem</span> <span class='ocrx_word' id='word_1_127' title='bbox 819 1872 939 1947; x_wconf 86' lang='lat' dir='ltr'>recepta</span> <span class='ocrx_word' id='word_1_128' title='bbox 965 1873 1047 1946; x_wconf 82' lang='lat' dir='ltr'>sunt3</span> <span class='ocrx_word' id='word_1_129' title='bbox 1074 1870 1177 1931; x_wconf 91' lang='lat' dir='ltr'>addidi</span> <span class='ocrx_word' id='word_1_130' title='bbox 1199 1890 1253 1932; x_wconf 89' lang='lat' dir='ltr'>au·</span> 
     </span>
     <span class='ocr_line' id='line_1_19' title="bbox 241 1960 1252 2039; baseline 0.005 -21"><span class='ocrx_word' id='word_1_131' title='bbox 241 1962 307 2018; x_wconf 87' lang='lat' dir='ltr'>tem</span> <span class='ocrx_word' id='word_1_132' title='bbox 335 1961 491 2037; x_wconf 86' lang='lat' dir='ltr'>praeterea</span> <span class='ocrx_word' id='word_1_133' title='bbox 520 1961 699 2039; x_wconf 83' lang='lat' dir='ltr'>apparatum</span> <span class='ocrx_word' id='word_1_134' title='bbox 728 1962 882 2021; x_wconf 88' lang='lat' dir='ltr'>auctorum</span> <span class='ocrx_word' id='word_1_135' title='bbox 911 1960 948 2020; x_wconf 93' lang='lat' dir='ltr'>ab</span> <span class='ocrx_word' id='word_1_136' title='bbox 974 1961 1085 2021; x_wconf 88' lang='lat' dir='ltr'>Ioanne</span> <span class='ocrx_word' id='word_1_137' title='bbox 1114 1960 1252 2024; x_wconf 84' lang='lat' dir='ltr'>laudato·</span> 
     </span>
     <span class='ocr_line' id='line_1_20' title="bbox 242 2043 1252 2127; baseline 0.002 -19"><span class='ocrx_word' id='word_1_138' title='bbox 242 2069 324 2108; x_wconf 89' lang='lat' dir='ltr'>rum:</span> <span class='ocrx_word' id='word_1_139' title='bbox 346 2047 379 2108; x_wconf 90' lang='lat' dir='ltr'>in</span> <span class='ocrx_word' id='word_1_140' title='bbox 402 2067 462 2127; x_wconf 90' lang='lat' dir='ltr'>quo</span> <span class='ocrx_word' id='word_1_141' title='bbox 485 2051 558 2111; x_wconf 89' lang='lat' dir='ltr'>nota</span> <span class='ocrx_word' id='word_1_142' title='bbox 580 2043 641 2109; x_wconf 70' lang='lat' dir='ltr'>‘ct&#39;</span> <span class='ocrx_word' id='word_1_143' title='bbox 659 2049 777 2126; x_wconf 86' lang='lat' dir='ltr'>saepius</span> <span class='ocrx_word' id='word_1_144' title='bbox 801 2049 939 2126; x_wconf 86' lang='lat' dir='ltr'>apposita</span> <span class='ocrx_word' id='word_1_145' title='bbox 956 2049 1098 2127; x_wconf 67' lang='lat' dir='ltr'>signatu,</span> <span class='ocrx_word' id='word_1_146' title='bbox 1122 2050 1252 2110; x_wconf 86' lang='lat' dir='ltr'>auctoris</span> 
     </span>
     <span class='ocr_line' id='line_1_21' title="bbox 242 2137 1252 2217; baseline 0.003 -21"><span class='ocrx_word' id='word_1_147' title='bbox 242 2138 309 2199; x_wconf 90' lang='lat' dir='ltr'>loco</span> <span class='ocrx_word' id='word_1_148' title='bbox 336 2158 396 2199; x_wconf 90' lang='lat' dir='ltr'>non</span> <span class='ocrx_word' id='word_1_149' title='bbox 423 2137 528 2198; x_wconf 90' lang='lat' dir='ltr'>eadem</span> <span class='ocrx_word' id='word_1_150' title='bbox 554 2139 614 2216; x_wconf 91' lang='lat' dir='ltr'>legi</span> <span class='ocrx_word' id='word_1_151' title='bbox 642 2157 718 2217; x_wconf 88' lang='lat' dir='ltr'>quae</span> <span class='ocrx_word' id='word_1_152' title='bbox 745 2138 826 2215; x_wconf 90' lang='lat' dir='ltr'>apud</span> <span class='ocrx_word' id='word_1_153' title='bbox 847 2137 977 2214; x_wconf 83' lang='lat' dir='ltr'>Lydum,</span> <span class='ocrx_word' id='word_1_154' title='bbox 1004 2140 1137 2198; x_wconf 91' lang='lat' dir='ltr'>attamen</span> <span class='ocrx_word' id='word_1_155' title='bbox 1163 2138 1252 2199; x_wconf 89' lang='lat' dir='ltr'>illum</span> 
     </span>
     <span class='ocr_line' id='line_1_22' title="bbox 242 2224 1252 2289; baseline 0 -2"><span class='ocrx_word' id='word_1_156' title='bbox 242 2227 281 2287; x_wconf 90' lang='lat' dir='ltr'>ab</span> <span class='ocrx_word' id='word_1_157' title='bbox 303 2227 361 2289; x_wconf 89' lang='lat' dir='ltr'>hoc</span> <span class='ocrx_word' id='word_1_158' title='bbox 381 2227 546 2288; x_wconf 88' lang='lat' dir='ltr'>indicatum</span> <span class='ocrx_word' id='word_1_159' title='bbox 569 2245 632 2287; x_wconf 86' lang='lat' dir='ltr'>csse</span> <span class='ocrx_word' id='word_1_160' title='bbox 658 2226 761 2287; x_wconf 84' lang='lat' dir='ltr'>videri</span> <span class='ocrx_word' id='word_1_161' title='bbox 807 2227 857 2286; x_wconf 87' lang='lat' dir='ltr'>sed</span> <span class='ocrx_word' id='word_1_162' title='bbox 879 2244 939 2286; x_wconf 92' lang='lat' dir='ltr'>non</span> <span class='ocrx_word' id='word_1_163' title='bbox 961 2225 996 2285; x_wconf 89' lang='lat' dir='ltr'>de</span> <span class='ocrx_word' id='word_1_164' title='bbox 1019 2224 1154 2285; x_wconf 91' lang='lat' dir='ltr'>omnibns</span> <span class='ocrx_word' id='word_1_165' title='bbox 1182 2246 1252 2288; x_wconf 87' lang='lat' dir='ltr'>auc·</span> 
     </span>
     <span class='ocr_line' id='line_1_23' title="bbox 241 2313 1252 2392; baseline 0 -16"><span class='ocrx_word' id='word_1_166' title='bbox 241 2315 357 2377; x_wconf 87' lang='lat' dir='ltr'>toribus</span> <span class='ocrx_word' id='word_1_167' title='bbox 384 2336 402 2376; x_wconf 89' lang='lat' dir='ltr'>a</span> <span class='ocrx_word' id='word_1_168' title='bbox 430 2315 594 2376; x_wconf 89' lang='lat' dir='ltr'>Laurentio</span> <span class='ocrx_word' id='word_1_169' title='bbox 620 2315 746 2392; x_wconf 89' lang='lat' dir='ltr'>prolatis</span> <span class='ocrx_word' id='word_1_170' title='bbox 772 2313 906 2375; x_wconf 86' lang='lat' dir='ltr'>remita</span> <span class='ocrx_word' id='word_1_171' title='bbox 936 2333 1022 2391; x_wconf 86' lang='lat' dir='ltr'>agere</span> <span class='ocrx_word' id='word_1_172' title='bbox 1047 2315 1147 2390; x_wconf 83' lang='lat' dir='ltr'>potui,</span> <span class='ocrx_word' id='word_1_173' title='bbox 1180 2316 1252 2392; x_wconf 87' lang='lat' dir='ltr'>quia</span> 
     </span>
     <span class='ocr_line' id='line_1_24' title="bbox 241 2401 1250 2483; baseline -0.002 -18"><span class='ocrx_word' id='word_1_174' title='bbox 241 2405 416 2483; x_wconf 89' lang='lat' dir='ltr'>saepissime</span> <span class='ocrx_word' id='word_1_175' title='bbox 438 2406 470 2464; x_wconf 92' lang='lat' dir='ltr'>in</span> <span class='ocrx_word' id='word_1_176' title='bbox 493 2404 651 2465; x_wconf 81' lang='lat' dir='ltr'>afferendis</span> <span class='ocrx_word' id='word_1_177' title='bbox 672 2402 732 2463; x_wconf 91' lang='lat' dir='ltr'>illis</span> <span class='ocrx_word' id='word_1_178' title='bbox 754 2402 959 2482; x_wconf 79' lang='lat' dir='ltr'>neglegentior</span> <span class='ocrx_word' id='word_1_179' title='bbox 981 2404 1026 2462; x_wconf 91' lang='lat' dir='ltr'>est</span> <span class='ocrx_word' id='word_1_180' title='bbox 1042 2401 1250 2479; x_wconf 86' lang='lat' dir='ltr'>Philadelphe-</span> 
     </span>
     <span class='ocr_line' id='line_1_25' title="bbox 240 2492 1250 2571; baseline 0 -17"><span class='ocrx_word' id='word_1_181' title='bbox 240 2512 311 2571; x_wconf 85' lang='lat' dir='ltr'>nus3</span> <span class='ocrx_word' id='word_1_182' title='bbox 337 2494 488 2554; x_wconf 88' lang='lat' dir='ltr'>interdum</span> <span class='ocrx_word' id='word_1_183' title='bbox 514 2494 606 2553; x_wconf 88' lang='lat' dir='ltr'>etiam</span> <span class='ocrx_word' id='word_1_184' title='bbox 633 2492 696 2552; x_wconf 85' lang='lat' dir='ltr'>fore</span> <span class='ocrx_word' id='word_1_185' title='bbox 722 2495 757 2551; x_wconf 91' lang='lat' dir='ltr'>ut</span> <span class='ocrx_word' id='word_1_186' title='bbox 783 2492 882 2552; x_wconf 89' lang='lat' dir='ltr'>locum</span> <span class='ocrx_word' id='word_1_187' title='bbox 909 2492 1038 2568; x_wconf 84' lang='lat' dir='ltr'>aliquem</span> <span class='ocrx_word' id='word_1_188' title='bbox 1064 2492 1145 2569; x_wconf 89' lang='lat' dir='ltr'>apud</span> <span class='ocrx_word' id='word_1_189' title='bbox 1171 2493 1250 2554; x_wconf 85' lang='lat' dir='ltr'>Neo·</span> 
     </span>
     <span class='ocr_line' id='line_1_26' title="bbox 240 2580 1251 2661; baseline -0.001 -18"><span class='ocrx_word' id='word_1_190' title='bbox 240 2583 460 2660; x_wconf 85' lang='lat' dir='ltr'>platonicorum</span> <span class='ocrx_word' id='word_1_191' title='bbox 475 2582 623 2661; x_wconf 89' lang='lat' dir='ltr'>quendam</span> <span class='ocrx_word' id='word_1_192' title='bbox 642 2580 738 2641; x_wconf 91' lang='lat' dir='ltr'>adhuc</span> <span class='ocrx_word' id='word_1_193' title='bbox 755 2581 899 2641; x_wconf 87' lang='lat' dir='ltr'>latentem</span> <span class='ocrx_word' id='word_1_194' title='bbox 916 2580 949 2640; x_wconf 86' lang='lat' dir='ltr'>in</span> <span class='ocrx_word' id='word_1_195' title='bbox 965 2580 1061 2642; x_wconf 87' lang='lat' dir='ltr'>lucem</span> <span class='ocrx_word' id='word_1_196' title='bbox 1076 2581 1251 2659; x_wconf 79' lang='lat' dir='ltr'>protraham</span> 
     </span>
    </p>
   </div>
   <div class='ocr_carea' id='block_1_4' title="bbox 204 2668 1248 2750">
    <p class='ocr_par' dir='ltr' id='par_1_4' title="bbox 204 2668 1248 2750">
     <span class='ocr_line' id='line_1_27' title="bbox 204 2668 1248 2750; baseline 0.001 -20"><span class='ocrx_word' id='word_1_197' title='bbox 204 2740 209 2750; x_wconf 43' lang='lat'>,</span> <span class='ocrx_word' id='word_1_198' title='bbox 239 2690 341 2749; x_wconf 81' lang='lat' dir='ltr'>sper03</span> <span class='ocrx_word' id='word_1_199' title='bbox 364 2692 457 2732; x_wconf 90' lang='lat' dir='ltr'>unum</span> <span class='ocrx_word' id='word_1_200' title='bbox 474 2670 590 2731; x_wconf 90' lang='lat' dir='ltr'>incuria</span> <span class='ocrx_word' id='word_1_201' title='bbox 607 2688 675 2729; x_wconf 87' lang='lat' dir='ltr'>maa</span> <span class='ocrx_word' id='word_1_202' title='bbox 693 2669 834 2730; x_wconf 88' lang='lat' dir='ltr'>omissum</span> <span class='ocrx_word' id='word_1_203' title='bbox 850 2669 912 2729; x_wconf 90' lang='lat' dir='ltr'>iam</span> <span class='ocrx_word' id='word_1_204' title='bbox 929 2689 1007 2730; x_wconf 91' lang='lat' dir='ltr'>nunc</span> <span class='ocrx_word' id='word_1_205' title='bbox 1023 2668 1131 2730; x_wconf 85' lang='lat' dir='ltr'>addere</span> <span class='ocrx_word' id='word_1_206' title='bbox 1148 2671 1248 2731; x_wconf 84' lang='lat' dir='ltr'>iuvat:</span> 
     </span>
    </p>
   </div>
   <div class='ocr_carea' id='block_1_5' title="bbox 237 2757 1249 3903">
    <p class='ocr_par' dir='ltr' id='par_1_5' title="bbox 239 2757 1249 2923">
     <span class='ocr_line' id='line_1_28' title="bbox 239 2757 1249 2837; baseline -0.002 -17"><span class='ocrx_word' id='word_1_207' title='bbox 239 2761 281 2820; x_wconf 90' lang='lat' dir='ltr'>ad</span> <span class='ocrx_word' id='word_1_208' title='bbox 302 2781 332 2837; x_wconf 87' lang='lat' dir='ltr'>p.</span> <span class='ocrx_word' id='word_1_209' title='bbox 354 2763 425 2837; x_wconf 87' lang='grc'>139,</span> <span class='ocrx_word' id='word_1_210' title='bbox 445 2763 464 2819; x_wconf 81' lang='grc'>2</span> <span class='ocrx_word' id='word_1_211' title='bbox 488 2759 687 2836; x_wconf 84' lang='lat' dir='ltr'>Porphyrium</span> <span class='ocrx_word' id='word_1_212' title='bbox 709 2759 790 2836; x_wconf 88' lang='lat' dir='ltr'>apud</span> <span class='ocrx_word' id='word_1_213' title='bbox 813 2757 982 2834; x_wconf 75' lang='lat' dir='ltr'>Eusebium,</span> <span class='ocrx_word' id='word_1_214' title='bbox 1002 2777 1103 2836; x_wconf 90' lang='lat' dir='ltr'>praep.</span> <span class='ocrx_word' id='word_1_215' title='bbox 1127 2778 1170 2818; x_wconf 84' lang='lat' dir='ltr'>ev.</span> <span class='ocrx_word' id='word_1_216' title='bbox 1193 2760 1249 2836; x_wconf 88' lang='grc' dir='ltr'>ΙΠ,</span> 
     </span>
     <span class='ocr_line' id='line_1_29' title="bbox 243 2850 343 2923; baseline -0.01 -16"><span class='ocrx_word' id='word_1_217' title='bbox 243 2851 295 2923; x_wconf 87' lang='grc'>11,</span> <span class='ocrx_word' id='word_1_218' title='bbox 315 2850 343 2906; x_wconf 86' lang='grc'>7.</span> 
     </span>
    </p>

    <p class='ocr_par' dir='ltr' id='par_1_6' title="bbox 237 2935 1248 3903">
     <span class='ocr_line' id='line_1_30' title="bbox 307 2935 1248 3014; baseline 0.003 -18"><span class='ocrx_word' id='word_1_219' title='bbox 307 2936 353 2996; x_wconf 89' lang='lat' dir='ltr'>De</span> <span class='ocrx_word' id='word_1_220' title='bbox 375 2937 551 3014; x_wconf 79' lang='lat' dir='ltr'>fragmentis</span> <span class='ocrx_word' id='word_1_221' title='bbox 578 2936 656 2997; x_wconf 88' lang='lat' dir='ltr'>sedis</span> <span class='ocrx_word' id='word_1_222' title='bbox 676 2936 807 2997; x_wconf 85' lang='lat' dir='ltr'>incertae</span> <span class='ocrx_word' id='word_1_223' title='bbox 829 2938 859 2996; x_wconf 87' lang='lat' dir='ltr'>ct</span> <span class='ocrx_word' id='word_1_224' title='bbox 881 2935 958 2996; x_wconf 83' lang='lat' dir='ltr'>falso</span> <span class='ocrx_word' id='word_1_225' title='bbox 986 2935 1138 2996; x_wconf 82' lang='lat' dir='ltr'>attributis</span> <span class='ocrx_word' id='word_1_226' title='bbox 1159 2938 1248 2999; x_wconf 87' lang='lat' dir='ltr'>modo</span> 
     </span>
     <span class='ocr_line' id='line_1_31' title="bbox 238 3024 1248 3103; baseline 0.001 -18"><span class='ocrx_word' id='word_1_227' title='bbox 238 3025 310 3085; x_wconf 71' lang='lat' dir='ltr'>dixi„</span> <span class='ocrx_word' id='word_1_228' title='bbox 356 3024 467 3086; x_wconf 88' lang='lat' dir='ltr'>indices</span> <span class='ocrx_word' id='word_1_229' title='bbox 490 3027 535 3086; x_wconf 91' lang='lat' dir='ltr'>ita</span> <span class='ocrx_word' id='word_1_230' title='bbox 560 3026 723 3103; x_wconf 85' lang='lat' dir='ltr'>composui,</span> <span class='ocrx_word' id='word_1_231' title='bbox 752 3029 787 3085; x_wconf 92' lang='lat' dir='ltr'>ut</span> <span class='ocrx_word' id='word_1_232' title='bbox 812 3025 908 3103; x_wconf 88' lang='lat' dir='ltr'>primo</span> <span class='ocrx_word' id='word_1_233' title='bbox 935 3025 1000 3085; x_wconf 92' lang='lat' dir='ltr'>loco</span> <span class='ocrx_word' id='word_1_234' title='bbox 1028 3028 1181 3086; x_wconf 87' lang='lat' dir='ltr'>auctorum</span> <span class='ocrx_word' id='word_1_235' title='bbox 1202 3027 1248 3086; x_wconf 88' lang='lat' dir='ltr'>in·</span> 
     </span>
     <span class='ocr_line' id='line_1_32' title="bbox 240 3113 1248 3192; baseline 0.003 -18"><span class='ocrx_word' id='word_1_236' title='bbox 240 3115 337 3175; x_wconf 89' lang='lat' dir='ltr'>dicem</span> <span class='ocrx_word' id='word_1_237' title='bbox 358 3133 555 3192; x_wconf 89' lang='lat' dir='ltr'>proponerem</span> <span class='ocrx_word' id='word_1_238' title='bbox 577 3115 605 3173; x_wconf 85' lang='lat' dir='ltr'>h</span> <span class='ocrx_word' id='word_1_239' title='bbox 628 3135 652 3173; x_wconf 89' lang='lat' dir='ltr'>e.</span> <span class='ocrx_word' id='word_1_240' title='bbox 676 3133 790 3191; x_wconf 84' lang='lat' dir='ltr'>corum,</span> <span class='ocrx_word' id='word_1_241' title='bbox 817 3133 945 3191; x_wconf 89' lang='lat' dir='ltr'>quornm</span> <span class='ocrx_word' id='word_1_242' title='bbox 971 3113 1091 3174; x_wconf 88' lang='lat' dir='ltr'>nomina</span> <span class='ocrx_word' id='word_1_243' title='bbox 1117 3113 1155 3174; x_wconf 88' lang='lat' dir='ltr'>ab</span> <span class='ocrx_word' id='word_1_244' title='bbox 1180 3114 1248 3191; x_wconf 91' lang='lat' dir='ltr'>ipso</span> 
     </span>
     <span class='ocr_line' id='line_1_33' title="bbox 239 3202 1248 3281; baseline 0.001 -18"><span class='ocrx_word' id='word_1_245' title='bbox 239 3204 402 3264; x_wconf 89' lang='lat' dir='ltr'>Laurentio</span> <span class='ocrx_word' id='word_1_246' title='bbox 417 3203 622 3281; x_wconf 82' lang='lat' dir='ltr'>proferuntur3</span> <span class='ocrx_word' id='word_1_247' title='bbox 644 3202 750 3281; x_wconf 88' lang='lat' dir='ltr'>quodsi</span> <span class='ocrx_word' id='word_1_248' title='bbox 764 3222 875 3278; x_wconf 77' lang='lat' dir='ltr'>eornm,</span> <span class='ocrx_word' id='word_1_249' title='bbox 893 3221 967 3279; x_wconf 90' lang='lat' dir='ltr'>quos</span> <span class='ocrx_word' id='word_1_250' title='bbox 985 3223 1017 3263; x_wconf 89' lang='lat' dir='ltr'>re</span> <span class='ocrx_word' id='word_1_251' title='bbox 1035 3223 1105 3263; x_wconf 87' lang='lat' dir='ltr'>vera</span> <span class='ocrx_word' id='word_1_252' title='bbox 1119 3204 1248 3280; x_wconf 80' lang='lat' dir='ltr'>inspexit</span> 
     </span>
     <span class='ocr_line' id='line_1_34' title="bbox 240 3291 1248 3371; baseline 0.001 -20"><span class='ocrx_word' id='word_1_253' title='bbox 240 3291 352 3369; x_wconf 80' lang='lat' dir='ltr'>Lydus,</span> <span class='ocrx_word' id='word_1_254' title='bbox 380 3292 563 3353; x_wconf 81' lang='lat' dir='ltr'>conscribere</span> <span class='ocrx_word' id='word_1_255' title='bbox 584 3292 701 3366; x_wconf 85' lang='lat' dir='ltr'>vellem,</span> <span class='ocrx_word' id='word_1_256' title='bbox 726 3291 815 3371; x_wconf 88' lang='lat' dir='ltr'>longe</span> <span class='ocrx_word' id='word_1_257' title='bbox 837 3292 915 3351; x_wconf 88' lang='lat' dir='ltr'>alius</span> <span class='ocrx_word' id='word_1_258' title='bbox 938 3296 1015 3352; x_wconf 89' lang='lat' dir='ltr'>esset</span> <span class='ocrx_word' id='word_1_259' title='bbox 1035 3291 1168 3368; x_wconf 73' lang='lat' dir='ltr'>futinus,</span> <span class='ocrx_word' id='word_1_260' title='bbox 1196 3293 1248 3353; x_wconf 88' lang='lat' dir='ltr'>sed</span> 
     </span>
     <span class='ocr_line' id='line_1_35' title="bbox 238 3379 1246 3459; baseline 0.002 -20"><span class='ocrx_word' id='word_1_261' title='bbox 238 3381 271 3440; x_wconf 89' lang='lat' dir='ltr'>id</span> <span class='ocrx_word' id='word_1_262' title='bbox 293 3383 329 3440; x_wconf 90' lang='lat' dir='ltr'>ut</span> <span class='ocrx_word' id='word_1_263' title='bbox 351 3381 448 3441; x_wconf 87' lang='lat' dir='ltr'>facere</span> <span class='ocrx_word' id='word_1_264' title='bbox 467 3379 587 3458; x_wconf 75' lang='lat' dir='ltr'>possim,</span> <span class='ocrx_word' id='word_1_265' title='bbox 610 3379 743 3459; x_wconf 86' lang='lat' dir='ltr'>longiore</span> <span class='ocrx_word' id='word_1_266' title='bbox 762 3399 835 3459; x_wconf 89' lang='lat' dir='ltr'>opus</span> <span class='ocrx_word' id='word_1_267' title='bbox 854 3380 912 3440; x_wconf 83' lang='lat' dir='ltr'>erit</span> <span class='ocrx_word' id='word_1_268' title='bbox 929 3380 1145 3457; x_wconf 79' lang='lat' dir='ltr'>disquisitione,</span> <span class='ocrx_word' id='word_1_269' title='bbox 1168 3400 1246 3456; x_wconf 87' lang='lat' dir='ltr'>quae</span> 
     </span>
     <span class='ocr_line' id='line_1_36' title="bbox 238 3468 1246 3549; baseline 0 -20"><span class='ocrx_word' id='word_1_270' title='bbox 238 3469 372 3545; x_wconf 86' lang='lat' dir='ltr'>spatium</span> <span class='ocrx_word' id='word_1_271' title='bbox 403 3469 620 3549; x_wconf 83' lang='lat' dir='ltr'>prolegomenis</span> <span class='ocrx_word' id='word_1_272' title='bbox 652 3487 821 3531; x_wconf 88' lang='lat' dir='ltr'>conoessum</span> <span class='ocrx_word' id='word_1_273' title='bbox 849 3468 979 3528; x_wconf 86' lang='lat' dir='ltr'>maltum</span> <span class='ocrx_word' id='word_1_274' title='bbox 1010 3469 1049 3528; x_wconf 86' lang='lat' dir='ltr'>sit</span> <span class='ocrx_word' id='word_1_275' title='bbox 1077 3487 1246 3548; x_wconf 67' lang='lat' dir='ltr'>egressum</span> 
     </span>
     <span class='ocr_line' id='line_1_37' title="bbox 238 3557 1245 3635; baseline 0.001 -18"><span class='ocrx_word' id='word_1_276' title='bbox 238 3576 326 3634; x_wconf 87' lang='lat' dir='ltr'>spero</span> <span class='ocrx_word' id='word_1_277' title='bbox 350 3561 459 3635; x_wconf 82' lang='lat' dir='ltr'>autem,</span> <span class='ocrx_word' id='word_1_278' title='bbox 482 3558 544 3618; x_wconf 88' lang='lat' dir='ltr'>alia</span> <span class='ocrx_word' id='word_1_279' title='bbox 566 3558 638 3618; x_wconf 87' lang='lat' dir='ltr'>data</span> <span class='ocrx_word' id='word_1_280' title='bbox 660 3558 811 3619; x_wconf 85' lang='lat' dir='ltr'>occasione</span> <span class='ocrx_word' id='word_1_281' title='bbox 832 3557 907 3617; x_wconf 88' lang='lat' dir='ltr'>mihi</span> <span class='ocrx_word' id='word_1_282' title='bbox 930 3561 1104 3617; x_wconf 84' lang='lat' dir='ltr'>eventumm</span> <span class='ocrx_word' id='word_1_283' title='bbox 1126 3576 1189 3618; x_wconf 89' lang='lat' dir='ltr'>esse</span> <span class='ocrx_word' id='word_1_284' title='bbox 1212 3563 1245 3618; x_wconf 83' lang='lat' dir='ltr'>ut</span> 
     </span>
     <span class='ocr_line' id='line_1_38' title="bbox 237 3645 1245 3724; baseline 0.002 -19"><span class='ocrx_word' id='word_1_285' title='bbox 237 3646 382 3706; x_wconf 84' lang='lat' dir='ltr'>disseram</span> <span class='ocrx_word' id='word_1_286' title='bbox 411 3647 447 3706; x_wconf 90' lang='lat' dir='ltr'>de</span> <span class='ocrx_word' id='word_1_287' title='bbox 477 3645 632 3707; x_wconf 86' lang='lat' dir='ltr'>Laurentii</span> <span class='ocrx_word' id='word_1_288' title='bbox 660 3647 799 3708; x_wconf 86' lang='lat' dir='ltr'>fontibus.</span> <span class='ocrx_word' id='word_1_289' title='bbox 849 3646 993 3706; x_wconf 86' lang='lat' dir='ltr'>accedunt</span> <span class='ocrx_word' id='word_1_290' title='bbox 1021 3646 1185 3724; x_wconf 88' lang='lat' dir='ltr'>glossarum</span> <span class='ocrx_word' id='word_1_291' title='bbox 1215 3652 1245 3707; x_wconf 87' lang='lat' dir='ltr'>ct</span> 
     </span>
     <span class='ocr_line' id='line_1_39' title="bbox 237 3734 1245 3816; baseline 0.002 -22"><span class='ocrx_word' id='word_1_292' title='bbox 237 3734 393 3795; x_wconf 91' lang='lat' dir='ltr'>nominum</span> <span class='ocrx_word' id='word_1_293' title='bbox 418 3735 542 3811; x_wconf 80' lang='lat' dir='ltr'>indices3</span> <span class='ocrx_word' id='word_1_294' title='bbox 574 3755 699 3813; x_wconf 85' lang='lat' dir='ltr'>cumque</span> <span class='ocrx_word' id='word_1_295' title='bbox 725 3735 770 3795; x_wconf 91' lang='lat' dir='ltr'>his</span> <span class='ocrx_word' id='word_1_296' title='bbox 800 3736 908 3809; x_wconf 80' lang='lat' dir='ltr'>tribus,</span> <span class='ocrx_word' id='word_1_297' title='bbox 940 3736 1110 3795; x_wconf 88' lang='lat' dir='ltr'>auctoribus</span> <span class='ocrx_word' id='word_1_298' title='bbox 1139 3736 1245 3816; x_wconf 86' lang='lat' dir='ltr'>glossis</span> 
     </span>
     <span class='ocr_line' id='line_1_40' title="bbox 237 3823 1245 3903; baseline 0.003 -19"><span class='ocrx_word' id='word_1_299' title='bbox 237 3823 416 3903; x_wconf 86' lang='lat' dir='ltr'>nominibus,</span> <span class='ocrx_word' id='word_1_300' title='bbox 448 3842 498 3886; x_wconf 86' lang='grc'>111</span> <span class='ocrx_word' id='word_1_301' title='bbox 528 3825 673 3887; x_wconf 86' lang='lat' dir='ltr'>contineri</span> <span class='ocrx_word' id='word_1_302' title='bbox 697 3843 743 3885; x_wconf 88' lang='lat' dir='ltr'>res</span> <span class='ocrx_word' id='word_1_303' title='bbox 767 3830 917 3902; x_wconf 84' lang='lat' dir='ltr'>putarem,</span> <span class='ocrx_word' id='word_1_304' title='bbox 949 3824 985 3884; x_wconf 94' lang='lat' dir='ltr'>ob</span> <span class='ocrx_word' id='word_1_305' title='bbox 1017 3843 1091 3902; x_wconf 88' lang='lat' dir='ltr'>quas</span> <span class='ocrx_word' id='word_1_306' title='bbox 1124 3844 1143 3885; x_wconf 91' lang='lat' dir='ltr'>a</span> <span class='ocrx_word' id='word_1_307' title='bbox 1171 3825 1245 3887; x_wconf 80' lang='lat' dir='ltr'>viris</span> 
     </span>
    </p>
   </div>
   <div class='ocr_carea' id='block_1_6' title="bbox 0 0 1542 4598">
    <p class='ocr_par' dir='ltr' id='par_1_7' title="bbox 0 0 1542 4598">
     <span class='ocr_line' id='line_1_41' title="bbox 0 0 1542 4598; baseline 0 6"><span class='ocrx_word' id='word_1_308' title='bbox 0 0 1542 4598; x_wconf 95' lang='lat' dir='ltr'> </span> 
     </span>
    </p>
   </div>
  </div>
 </body>
</html>
