<?xml version="1.0" encoding="UTF-8"?>
<!DOCTYPE html PUBLIC "-//W3C//DTD XHTML 1.0 Transitional//EN"
    "http://www.w3.org/TR/xhtml1/DTD/xhtml1-transitional.dtd">
<html xmlns="http://www.w3.org/1999/xhtml" xml:lang="en" lang="en">
 <head>
  <title>
</title>
<meta http-equiv="Content-Type" content="text/html;charset=utf-8" />
  <meta name='ocr-system' content='tesseract 3.04.00' />
  <meta name='ocr-capabilities' content='ocr_page ocr_carea ocr_par ocr_line ocrx_word'/>
</head>
<body>
  <div class='ocr_page' id='page_1' title='image "./ioannislaurenti00wuengoog_0201.png"; bbox 0 0 3158 4296; ppageno 0'>
   <div class='ocr_carea' id='block_1_1' title="bbox 326 255 1077 333">
    <p class='ocr_par' dir='ltr' id='par_1_1' title="bbox 326 255 1077 333">
     <span class='ocr_line' id='line_1_1' title="bbox 326 255 1077 333; baseline -0.005 -17"><span class='ocrx_word' id='word_1_1' title='bbox 326 268 369 333; x_wconf 83' lang='lat'><strong><em>96</em></strong></span> <span class='ocrx_word' id='word_1_2' title='bbox 585 259 694 317; x_wconf 76' lang='grc' dir='ltr'><strong><em>τιεεει</em></strong></span> <span class='ocrx_word' id='word_1_3' title='bbox 712 257 888 324; x_wconf 74' lang='lat' dir='ltr'>QUARTUS.</span> <span class='ocrx_word' id='word_1_4' title='bbox 916 255 1077 312; x_wconf 72' lang='grc' dir='ltr'><strong><em>Μιοτῑοε</em></strong></span> 
     </span>
    </p>
   </div>
   <div class='ocr_carea' id='block_1_2' title="bbox 276 410 1386 3152">
    <p class='ocr_par' dir='ltr' id='par_1_2' title="bbox 292 410 1335 828">
     <span class='ocr_line' id='line_1_2' title="bbox 292 410 1335 508; baseline -0.015 -14"><span class='ocrx_word' id='word_1_5' title='bbox 292 438 386 496; x_wconf 78' lang='grc' dir='ltr'><strong><em>Βτοῦ</em></strong></span> <span class='ocrx_word' id='word_1_6' title='bbox 405 426 643 506; x_wconf 83' lang='grc' dir='ltr'><strong><em>αὐτοῦ-λόγου·</em></strong></span> <span class='ocrx_word' id='word_1_7' title='bbox 662 420 826 507; x_wconf 65' lang='grc' dir='ltr'><strong><em>’σημαίνει</em></strong></span> <span class='ocrx_word' id='word_1_8' title='bbox 845 460 886 470; x_wconf 93' lang='grc'><strong>-</strong></span> <span class='ocrx_word' id='word_1_9' title='bbox 905 425 1012 508; x_wconf 80' lang='grc' dir='ltr'><strong><em>ἡγουν</em></strong></span> <span class='ocrx_word' id='word_1_10' title='bbox 1028 422 1069 487; x_wconf 78' lang='grc' dir='ltr'><strong><em>τὰ</em></strong></span> <span class='ocrx_word' id='word_1_11' title='bbox 1090 421 1193 504; x_wconf 81' lang='grc' dir='ltr'><strong><em>ἀστρα</em></strong></span> <span class='ocrx_word' id='word_1_12' title='bbox 1211 455 1253 465; x_wconf 89' lang='lat'><strong><em>—-</em></strong></span> <span class='ocrx_word' id='word_1_13' title='bbox 1272 410 1335 500; x_wconf 76' lang='grc' dir='ltr'><strong><em>μέν</em></strong></span> 
     </span>
     <span class='ocr_line' id='line_1_3' title="bbox 325 525 1334 618; baseline -0.014 -16"><span class='ocrx_word' id='word_1_14' title='bbox 325 532 388 602; x_wconf 83' lang='grc' dir='ltr'><strong><em>οὖν</em></strong></span> <span class='ocrx_word' id='word_1_15' title='bbox 411 535 518 600; x_wconf 78' lang='grc' dir='ltr'><strong><em>πάντα</em></strong></span> <span class='ocrx_word' id='word_1_16' title='bbox 540 530 601 595; x_wconf 81' lang='grc' dir='ltr'><strong><em>ὅσα</em></strong></span> <span class='ocrx_word' id='word_1_17' title='bbox 624 525 661 591; x_wconf 88' lang='grc' dir='ltr'><strong><em>έν</em></strong></span> <span class='ocrx_word' id='word_1_18' title='bbox 684 529 845 618; x_wconf 76' lang='grc' dir='ltr'><strong><em>αἰσθητῷ,</em></strong></span> <span class='ocrx_word' id='word_1_19' title='bbox 867 541 956 596; x_wconf 90' lang='grc' dir='ltr'><strong><em>ποιεῖ</em></strong></span> <span class='ocrx_word' id='word_1_20' title='bbox 979 525 1015 595; x_wconf 74' lang='grc' dir='ltr'><strong><em>δὲ</em></strong></span> <span class='ocrx_word' id='word_1_21' title='bbox 1036 529 1129 610; x_wconf 82' lang='grc' dir='ltr'><strong><em>ἀλλα,</em></strong></span> <span class='ocrx_word' id='word_1_22' title='bbox 1152 525 1214 591; x_wconf 81' lang='grc' dir='ltr'><strong><em>ὅσα</em></strong></span> <span class='ocrx_word' id='word_1_23' title='bbox 1232 543 1334 609; x_wconf 86' lang='grc' dir='ltr'><strong><em>φανε-</em></strong></span> 
     </span>
     <span class='ocr_line' id='line_1_4' title="bbox 325 628 1333 728; baseline -0.012 -21"><span class='ocrx_word' id='word_1_24' title='bbox 325 653 391 728; x_wconf 82' lang='grc' dir='ltr'><strong><em>ρῶς</em></strong></span> <span class='ocrx_word' id='word_1_25' title='bbox 413 646 514 704; x_wconf 87' lang='grc' dir='ltr'><strong><em>ποιεῖ·</em></strong></span> <span class='ocrx_word' id='word_1_26' title='bbox 535 632 629 717; x_wconf 90' lang='grc' dir='ltr'><strong><em>ἡμεῖς</em></strong></span> <span class='ocrx_word' id='word_1_27' title='bbox 651 628 688 698; x_wconf 74' lang='grc' dir='ltr'><strong><em>δὲ</em></strong></span> <span class='ocrx_word' id='word_1_28' title='bbox 710 644 818 719; x_wconf 71' lang='grc' dir='ltr'><strong><em>ψυχῆς</em></strong></span> <span class='ocrx_word' id='word_1_29' title='bbox 840 638 921 722; x_wconf 82' lang='grc' dir='ltr'><strong><em>ἔργα</em></strong></span> <span class='ocrx_word' id='word_1_30' title='bbox 937 637 1019 701; x_wconf 78' lang='grc' dir='ltr'><strong><em>κατὰ</em></strong></span> <span class='ocrx_word' id='word_1_31' title='bbox 1039 633 1143 720; x_wconf 89' lang='grc' dir='ltr'><strong><em>φύσιν</em></strong></span> <span class='ocrx_word' id='word_1_32' title='bbox 1159 638 1333 715; x_wconf 75' lang='grc' dir='ltr'><strong><em>ποιοῦμεν,</em></strong></span> 
     </span>
     <span class='ocr_line' id='line_1_5' title="bbox 322 734 1333 828; baseline -0.007 -22"><span class='ocrx_word' id='word_1_33' title='bbox 322 745 385 822; x_wconf 77' lang='grc' dir='ltr'><strong><em>ἕως</em></strong></span> <span class='ocrx_word' id='word_1_34' title='bbox 407 744 451 827; x_wconf 89' lang='grc' dir='ltr'><strong><em>μὴ</em></strong></span> <span class='ocrx_word' id='word_1_35' title='bbox 475 739 664 825; x_wconf 87' lang='grc' dir='ltr'><strong><em>έσφάλημεν</em></strong></span> <span class='ocrx_word' id='word_1_36' title='bbox 686 737 722 804; x_wconf 85' lang='grc' dir='ltr'><strong><em>έν</em></strong></span> <span class='ocrx_word' id='word_1_37' title='bbox 744 749 790 828; x_wconf 76' lang='grc' dir='ltr'><strong><em>τῷ</em></strong></span> <span class='ocrx_word' id='word_1_38' title='bbox 811 744 935 825; x_wconf 83' lang='grc' dir='ltr'><strong><em>πλήθει</em></strong></span> <span class='ocrx_word' id='word_1_39' title='bbox 953 751 1013 808; x_wconf 88' lang='grc' dir='ltr'><strong><em>τοῦ</em></strong></span> <span class='ocrx_word' id='word_1_40' title='bbox 1031 740 1166 816; x_wconf 86' lang='grc' dir='ltr'><strong><em>παντός·</em></strong></span> <span class='ocrx_word' id='word_1_41' title='bbox 1189 734 1333 823; x_wconf 88' lang='grc' dir='ltr'><strong><em>σφαλέν-</em></strong></span> 
     </span>
    </p>

    <p class='ocr_par' dir='ltr' id='par_1_3' title="bbox 286 843 718 931">
     <span class='ocr_line' id='line_1_6' title="bbox 286 843 718 931; baseline -0.016 -14"><span class='ocrx_word' id='word_1_42' title='bbox 286 873 311 918; x_wconf 75' lang='lat'><strong><em>⁷⁵</em></strong></span> <span class='ocrx_word' id='word_1_43' title='bbox 324 874 378 926; x_wconf 88' lang='grc' dir='ltr'><strong><em>τες</em></strong></span> <span class='ocrx_word' id='word_1_44' title='bbox 400 843 438 912; x_wconf 73' lang='grc' dir='ltr'><strong><em>ἀὲ</em></strong></span> <span class='ocrx_word' id='word_1_45' title='bbox 461 848 579 931; x_wconf 78' lang='grc' dir='ltr'><strong><em>ἔχομεν</em></strong></span> <span class='ocrx_word' id='word_1_46' title='bbox 600 845 718 929; x_wconf 85' lang='grc' dir='ltr'><strong><em>ἀίκην.’</em></strong></span> 
     </span>
    </p>

    <p class='ocr_par' dir='ltr' id='par_1_4' title="bbox 321 947 1386 1357">
     <span class='ocr_line' id='line_1_7' title="bbox 389 947 1386 1036; baseline -0.006 -20"><span class='ocrx_word' id='word_1_47' title='bbox 389 952 442 1016; x_wconf 86' lang='grc'><strong><em>38.</em></strong></span> <span class='ocrx_word' id='word_1_48' title='bbox 451 948 521 1018; x_wconf 81' lang='grc' dir='ltr'><strong><em>Ὅτι</em></strong></span> <span class='ocrx_word' id='word_1_49' title='bbox 538 953 582 1028; x_wconf 80' lang='grc' dir='ltr'><strong><em>ὡς</em></strong></span> <span class='ocrx_word' id='word_1_50' title='bbox 591 950 690 1028; x_wconf 86' lang='grc' dir='ltr'><strong><em>αύτός</em></strong></span> <span class='ocrx_word' id='word_1_51' title='bbox 700 969 781 1036; x_wconf 92' lang='grc' dir='ltr'><strong><em>φησι</em></strong></span> <span class='ocrx_word' id='word_1_52' title='bbox 791 956 977 1029; x_wconf 85' lang='grc' dir='ltr'><strong><em>Πλωτῖνος·</em></strong></span> <span class='ocrx_word' id='word_1_53' title='bbox 992 953 1160 1019; x_wconf 57' lang='grc' dir='ltr'><strong><em>εΠλάτιυνι</em></strong></span> <span class='ocrx_word' id='word_1_54' title='bbox 1174 947 1212 1017; x_wconf 74' lang='grc' dir='ltr'><strong><em>δέ</em></strong></span> <span class='ocrx_word' id='word_1_55' title='bbox 1225 950 1244 1018; x_wconf 82' lang='grc' dir='ltr'><strong>ὁ</strong></span> <span class='ocrx_word' id='word_1_56' title='bbox 1258 955 1386 1014; x_wconf 77' lang='grc' dir='ltr'><strong><em>ᾱεοεῖΒτ</em></strong></span> 
     </span>
     <span class='ocr_line' id='line_1_8' title="bbox 324 1052 1332 1145; baseline -0.003 -21"><span class='ocrx_word' id='word_1_57' title='bbox 324 1059 484 1145; x_wconf 75' lang='grc' dir='ltr'><strong><em>ἄτρακτος</em></strong></span> <span class='ocrx_word' id='word_1_58' title='bbox 511 1057 579 1124; x_wconf 81' lang='grc' dir='ltr'><strong><em>ἐστι</em></strong></span> <span class='ocrx_word' id='word_1_59' title='bbox 606 1058 702 1122; x_wconf 87' lang='grc' dir='ltr'><strong><em>τότε</em></strong></span> <span class='ocrx_word' id='word_1_60' title='bbox 727 1060 946 1143; x_wconf 74' lang='grc' dir='ltr'><strong><em>πλανώμενον</em></strong></span> <span class='ocrx_word' id='word_1_61' title='bbox 971 1056 1026 1122; x_wconf 82' lang='grc' dir='ltr'><strong><em>καί</em></strong></span> <span class='ocrx_word' id='word_1_62' title='bbox 1049 1058 1086 1123; x_wconf 86' lang='grc' dir='ltr'><strong><em>τὸ</em></strong></span> <span class='ocrx_word' id='word_1_63' title='bbox 1109 1052 1252 1135; x_wconf 69' lang='grc' dir='ltr'><strong><em>ἀπλανὲς</em></strong></span> <span class='ocrx_word' id='word_1_64' title='bbox 1273 1063 1332 1139; x_wconf 82' lang='grc' dir='ltr'><strong><em>της</em></strong></span> 
     </span>
     <span class='ocr_line' id='line_1_9' title="bbox 321 1160 1331 1252; baseline -0.003 -22"><span class='ocrx_word' id='word_1_65' title='bbox 321 1174 519 1252; x_wconf 84' lang='grc' dir='ltr'><strong><em>περιφορᾶς·</em></strong></span> <span class='ocrx_word' id='word_1_66' title='bbox 550 1161 605 1229; x_wconf 81' lang='grc' dir='ltr'><strong><em>καὶ</em></strong></span> <span class='ocrx_word' id='word_1_67' title='bbox 637 1163 672 1227; x_wconf 74' lang='grc' dir='ltr'><strong><em>αἱ</em></strong></span> <span class='ocrx_word' id='word_1_68' title='bbox 698 1167 828 1249; x_wconf 88' lang='grc' dir='ltr'><strong><em>Μοῖραι</em></strong></span> <span class='ocrx_word' id='word_1_69' title='bbox 859 1160 896 1229; x_wconf 73' lang='grc' dir='ltr'><strong><em>δὲ</em></strong></span> <span class='ocrx_word' id='word_1_70' title='bbox 928 1161 982 1228; x_wconf 81' lang='grc' dir='ltr'><strong><em>καὶ</em></strong></span> <span class='ocrx_word' id='word_1_71' title='bbox 1013 1161 1197 1247; x_wconf 76' lang='grc' dir='ltr'><strong><em>ἡἎνύγκη</em></strong></span> <span class='ocrx_word' id='word_1_72' title='bbox 1225 1165 1331 1248; x_wconf 82' lang='grc' dir='ltr'><strong><em>μὴτηρ</em></strong></span> 
     </span>
     <span class='ocr_line' id='line_1_10' title="bbox 322 1267 1331 1357; baseline -0.005 -20"><span class='ocrx_word' id='word_1_73' title='bbox 322 1267 407 1338; x_wconf 80' lang='grc' dir='ltr'><strong><em>οὖσα</em></strong></span> <span class='ocrx_word' id='word_1_74' title='bbox 425 1270 605 1357; x_wconf 76' lang='grc' dir='ltr'><strong><em>στρέφουσι</em></strong></span> <span class='ocrx_word' id='word_1_75' title='bbox 622 1267 678 1333; x_wconf 84' lang='grc' dir='ltr'><strong><em>καί</em></strong></span> <span class='ocrx_word' id='word_1_76' title='bbox 696 1268 733 1333; x_wconf 90' lang='grc' dir='ltr'><strong><em>ε’ν</em></strong></span> <span class='ocrx_word' id='word_1_77' title='bbox 750 1279 789 1355; x_wconf 79' lang='grc' dir='ltr'><strong><em>τῇ</em></strong></span> <span class='ocrx_word' id='word_1_78' title='bbox 808 1270 935 1353; x_wconf 78' lang='grc' dir='ltr'><strong><em>γενέσει</em></strong></span> <span class='ocrx_word' id='word_1_79' title='bbox 953 1269 1091 1335; x_wconf 85' lang='grc' dir='ltr'><strong><em>ἑκάστου</em></strong></span> <span class='ocrx_word' id='word_1_80' title='bbox 1105 1268 1331 1334; x_wconf 76' lang='grc' dir='ltr'><strong><em>ἐπικλώθουσι</em></strong></span> 
     </span>
    </p>

    <p class='ocr_par' dir='ltr' id='par_1_5' title="bbox 282 1370 1331 1888">
     <span class='ocr_line' id='line_1_11' title="bbox 282 1370 1330 1462; baseline -0.006 -18"><span class='ocrx_word' id='word_1_81' title='bbox 282 1376 377 1444; x_wconf 81' lang='grc' dir='ltr'><strong><em>ιοκαί</em></strong></span> <span class='ocrx_word' id='word_1_82' title='bbox 400 1376 444 1444; x_wconf 81' lang='grc' dir='ltr'><strong><em>δι’</em></strong></span> <span class='ocrx_word' id='word_1_83' title='bbox 467 1377 568 1462; x_wconf 76' lang='grc' dir='ltr'><strong><em>αὐτῆς</em></strong></span> <span class='ocrx_word' id='word_1_84' title='bbox 590 1370 676 1440; x_wconf 82' lang='grc' dir='ltr'><strong><em>εἶσιν</em></strong></span> <span class='ocrx_word' id='word_1_85' title='bbox 702 1377 749 1451; x_wconf 82' lang='grc' dir='ltr'><strong><em>είς</em></strong></span> <span class='ocrx_word' id='word_1_86' title='bbox 775 1375 907 1459; x_wconf 91' lang='grc' dir='ltr'><strong><em>γένεσιν</em></strong></span> <span class='ocrx_word' id='word_1_87' title='bbox 933 1378 973 1442; x_wconf 83' lang='grc' dir='ltr'><strong><em>τά</em></strong></span> <span class='ocrx_word' id='word_1_88' title='bbox 1000 1377 1201 1459; x_wconf 82' lang='grc' dir='ltr'><strong><em>γεννώμενα·</em></strong></span> <span class='ocrx_word' id='word_1_89' title='bbox 1229 1375 1267 1439; x_wconf 82' lang='grc' dir='ltr'><strong><em>ἔν</em></strong></span> <span class='ocrx_word' id='word_1_90' title='bbox 1293 1396 1330 1438; x_wconf 89' lang='grc' dir='ltr'><strong><em>τε</em></strong></span> 
     </span>
     <span class='ocr_line' id='line_1_12' title="bbox 326 1478 1329 1572; baseline -0.006 -22"><span class='ocrx_word' id='word_1_91' title='bbox 326 1487 451 1572; x_wconf 81' lang='grc' dir='ltr'><strong><em>Τιμαίφ</em></strong></span> <span class='ocrx_word' id='word_1_92' title='bbox 473 1484 553 1560; x_wconf 87' lang='grc' dir='ltr'><strong><em>θεὸς</em></strong></span> <span class='ocrx_word' id='word_1_93' title='bbox 574 1478 636 1568; x_wconf 73' lang='grc' dir='ltr'><strong><em>μὲν</em></strong></span> <span class='ocrx_word' id='word_1_94' title='bbox 658 1480 676 1546; x_wconf 87' lang='grc' dir='ltr'>ὁ</span> <span class='ocrx_word' id='word_1_95' title='bbox 698 1484 839 1565; x_wconf 83' lang='grc' dir='ltr'><strong><em>ποιήσας</em></strong></span> <span class='ocrx_word' id='word_1_96' title='bbox 860 1483 922 1565; x_wconf 91' lang='grc' dir='ltr'><strong><em>τὴυ</em></strong></span> <span class='ocrx_word' id='word_1_97' title='bbox 943 1482 1049 1570; x_wconf 80' lang='grc' dir='ltr'><strong><em>ἀρχὴυ</em></strong></span> <span class='ocrx_word' id='word_1_98' title='bbox 1070 1490 1128 1564; x_wconf 78' lang='grc' dir='ltr'><strong><em>τῆς</em></strong></span> <span class='ocrx_word' id='word_1_99' title='bbox 1149 1487 1257 1566; x_wconf 71' lang='grc' dir='ltr'><strong><em>ψυχῆς</em></strong></span> <span class='ocrx_word' id='word_1_100' title='bbox 1279 1479 1329 1545; x_wconf 81' lang='grc' dir='ltr'><strong><em>ἀί-</em></strong></span> 
     </span>
     <span class='ocr_line' id='line_1_13' title="bbox 321 1584 1329 1674; baseline -0.004 -19"><span class='ocrx_word' id='word_1_101' title='bbox 321 1591 438 1655; x_wconf 78' lang='grc' dir='ltr'><strong><em>δωσιυ·</em></strong></span> <span class='ocrx_word' id='word_1_102' title='bbox 466 1590 499 1655; x_wconf 82' lang='grc' dir='ltr'><strong><em>οῖ</em></strong></span> <span class='ocrx_word' id='word_1_103' title='bbox 526 1584 563 1655; x_wconf 72' lang='grc' dir='ltr'><strong><em>δὲ</em></strong></span> <span class='ocrx_word' id='word_1_104' title='bbox 592 1590 770 1674; x_wconf 88' lang='grc' dir='ltr'><strong><em>φερόμενοι</em></strong></span> <span class='ocrx_word' id='word_1_105' title='bbox 795 1585 873 1653; x_wconf 79' lang='grc' dir='ltr'><strong><em>θεοί</em></strong></span> <span class='ocrx_word' id='word_1_106' title='bbox 896 1589 936 1653; x_wconf 80' lang='grc' dir='ltr'><strong><em>τύ</em></strong></span> <span class='ocrx_word' id='word_1_107' title='bbox 963 1589 1057 1654; x_wconf 76' lang='grc' dir='ltr'><strong><em>δεινὰ</em></strong></span> <span class='ocrx_word' id='word_1_108' title='bbox 1084 1585 1139 1653; x_wconf 83' lang='grc' dir='ltr'><strong><em>καί</em></strong></span> <span class='ocrx_word' id='word_1_109' title='bbox 1165 1585 1329 1670; x_wconf 89' lang='grc' dir='ltr'><strong><em>ἀναγκαῖα</em></strong></span> 
     </span>
     <span class='ocr_line' id='line_1_14' title="bbox 320 1692 1329 1782; baseline -0.003 -21"><span class='ocrx_word' id='word_1_110' title='bbox 320 1697 430 1780; x_wconf 86' lang='grc' dir='ltr'><strong><em>πύθη,</em></strong></span> <span class='ocrx_word' id='word_1_111' title='bbox 455 1697 588 1782; x_wconf 80' lang='grc' dir='ltr'><strong><em>θυμοὺς</em></strong></span> <span class='ocrx_word' id='word_1_112' title='bbox 609 1692 665 1760; x_wconf 82' lang='grc' dir='ltr'><strong><em>καί</em></strong></span> <span class='ocrx_word' id='word_1_113' title='bbox 692 1693 884 1780; x_wconf 81' lang='grc' dir='ltr'><strong><em>ἐπιθυμίας,</em></strong></span> <span class='ocrx_word' id='word_1_114' title='bbox 912 1693 966 1760; x_wconf 84' lang='grc' dir='ltr'><strong><em>καὶ</em></strong></span> <span class='ocrx_word' id='word_1_115' title='bbox 992 1695 1115 1779; x_wconf 80' lang='grc' dir='ltr'><strong><em>ἡδονὰς</em></strong></span> <span class='ocrx_word' id='word_1_116' title='bbox 1140 1693 1195 1760; x_wconf 84' lang='grc' dir='ltr'><strong><em>καὶ</em></strong></span> <span class='ocrx_word' id='word_1_117' title='bbox 1222 1693 1329 1769; x_wconf 84' lang='grc' dir='ltr'><strong><em>λύπας</em></strong></span> 
     </span>
     <span class='ocr_line' id='line_1_15' title="bbox 321 1795 1331 1888; baseline -0.002 -20"><span class='ocrx_word' id='word_1_118' title='bbox 321 1797 374 1886; x_wconf 84' lang='grc' dir='ltr'><strong><em>αὖ,</em></strong></span> <span class='ocrx_word' id='word_1_119' title='bbox 395 1799 450 1867; x_wconf 85' lang='grc' dir='ltr'><strong><em>καί</em></strong></span> <span class='ocrx_word' id='word_1_120' title='bbox 473 1812 580 1888; x_wconf 71' lang='grc' dir='ltr'><strong><em>ψυχῆς</em></strong></span> <span class='ocrx_word' id='word_1_121' title='bbox 602 1803 682 1867; x_wconf 82' lang='grc' dir='ltr'><strong><em>ἀλλο</em></strong></span> <span class='ocrx_word' id='word_1_122' title='bbox 705 1795 804 1885; x_wconf 79' lang='grc' dir='ltr'><strong><em>εἶδος,</em></strong></span> <span class='ocrx_word' id='word_1_123' title='bbox 826 1800 884 1886; x_wconf 91' lang='grc' dir='ltr'><strong><em>ἀφ’</em></strong></span> <span class='ocrx_word' id='word_1_124' title='bbox 907 1797 948 1868; x_wconf 86' lang='grc' dir='ltr'><strong><em>οὗ</em></strong></span> <span class='ocrx_word' id='word_1_125' title='bbox 970 1803 1010 1868; x_wconf 87' lang='grc' dir='ltr'><strong><em>τὰ</em></strong></span> <span class='ocrx_word' id='word_1_126' title='bbox 1028 1804 1207 1887; x_wconf 80' lang='grc' dir='ltr'><strong><em>παθήματα</em></strong></span> <span class='ocrx_word' id='word_1_127' title='bbox 1224 1800 1331 1866; x_wconf 89' lang='grc' dir='ltr'><strong><em>ταυτί.</em></strong></span> 
     </span>
    </p>

    <p class='ocr_par' dir='ltr' id='par_1_6' title="bbox 276 1902 1327 3152">
     <span class='ocr_line' id='line_1_16' title="bbox 279 1902 1323 1995; baseline -0.002 -20"><span class='ocrx_word' id='word_1_128' title='bbox 279 1933 306 1975; x_wconf 82' lang='grc' dir='ltr'><strong><em>ιτ</em></strong></span> <span class='ocrx_word' id='word_1_129' title='bbox 319 1903 414 1975; x_wconf 84' lang='grc' dir='ltr'><strong><em>οὗτοι</em></strong></span> <span class='ocrx_word' id='word_1_130' title='bbox 431 1909 496 1995; x_wconf 81' lang='grc' dir='ltr'><strong><em>γὰρ</em></strong></span> <span class='ocrx_word' id='word_1_131' title='bbox 514 1910 547 1976; x_wconf 83' lang='lat' dir='ltr'><strong><em>ol</em></strong></span> <span class='ocrx_word' id='word_1_132' title='bbox 565 1911 660 1991; x_wconf 81' lang='grc' dir='ltr'><strong><em>λόγοι</em></strong></span> <span class='ocrx_word' id='word_1_133' title='bbox 678 1906 877 1974; x_wconf 78' lang='grc' dir='ltr'><strong><em>συνδέουσιν</em></strong></span> <span class='ocrx_word' id='word_1_134' title='bbox 894 1908 979 1994; x_wconf 87' lang='grc' dir='ltr'><strong><em>ἡμᾶς</em></strong></span> <span class='ocrx_word' id='word_1_135' title='bbox 996 1920 1066 1986; x_wconf 87' lang='grc' dir='ltr'><strong><em>τοῖς</em></strong></span> <span class='ocrx_word' id='word_1_136' title='bbox 1083 1910 1227 1992; x_wconf 80' lang='grc' dir='ltr'><strong><em>ἄστροις,</em></strong></span> <span class='ocrx_word' id='word_1_137' title='bbox 1246 1902 1323 1991; x_wconf 86' lang='grc' dir='ltr'><strong><em>παρ’</em></strong></span> 
     </span>
     <span class='ocr_line' id='line_1_17' title="bbox 316 2012 1325 2100; baseline -0.003 -20"><span class='ocrx_word' id='word_1_138' title='bbox 316 2014 427 2080; x_wconf 81' lang='grc' dir='ltr'><strong><em>αὐτῶν</em></strong></span> <span class='ocrx_word' id='word_1_139' title='bbox 449 2016 560 2100; x_wconf 79' lang='grc' dir='ltr'><strong><em>ψυχὴν</em></strong></span> <span class='ocrx_word' id='word_1_140' title='bbox 578 2012 810 2100; x_wconf 82' lang='grc' dir='ltr'><strong><em>κομιζομένους</em></strong></span> <span class='ocrx_word' id='word_1_141' title='bbox 827 2013 883 2079; x_wconf 77' lang='grc' dir='ltr'><strong><em>καὶ</em></strong></span> <span class='ocrx_word' id='word_1_142' title='bbox 900 2015 1119 2081; x_wconf 73' lang='grc' dir='ltr'><strong><em>ὑποτάττουσι</em></strong></span> <span class='ocrx_word' id='word_1_143' title='bbox 1138 2022 1178 2098; x_wconf 76' lang='grc' dir='ltr'><strong><em>τῇ</em></strong></span> <span class='ocrx_word' id='word_1_144' title='bbox 1197 2012 1325 2097; x_wconf 83' lang='grc' dir='ltr'><strong><em>ἀνάγκη</em></strong></span> 
     </span>
     <span class='ocr_line' id='line_1_18' title="bbox 317 2115 1325 2210; baseline -0.005 -24"><span class='ocrx_word' id='word_1_145' title='bbox 317 2119 464 2186; x_wconf 76' lang='grc' dir='ltr'><strong><em>ἐνταῦθα</em></strong></span> <span class='ocrx_word' id='word_1_146' title='bbox 488 2122 610 2197; x_wconf 88' lang='grc' dir='ltr'><strong><em>ίόντας·</em></strong></span> <span class='ocrx_word' id='word_1_147' title='bbox 633 2117 688 2185; x_wconf 80' lang='grc' dir='ltr'><strong><em>καί</em></strong></span> <span class='ocrx_word' id='word_1_148' title='bbox 709 2121 777 2204; x_wconf 82' lang='grc' dir='ltr'><strong><em>ἡθη</em></strong></span> <span class='ocrx_word' id='word_1_149' title='bbox 801 2123 918 2185; x_wconf 87' lang='grc' dir='ltr'><strong><em>τοίνυν</em></strong></span> <span class='ocrx_word' id='word_1_150' title='bbox 939 2117 1015 2210; x_wconf 85' lang='grc' dir='ltr'><strong><em>παρ’</em></strong></span> <span class='ocrx_word' id='word_1_151' title='bbox 1039 2119 1149 2184; x_wconf 83' lang='grc' dir='ltr'><strong><em>αὐτῶν</em></strong></span> <span class='ocrx_word' id='word_1_152' title='bbox 1167 2115 1325 2182; x_wconf 80' lang='grc' dir='ltr'><strong><em>καὶκατὰ</em></strong></span> 
     </span>
     <span class='ocr_line' id='line_1_19' title="bbox 316 2223 1325 2311; baseline -0.004 -19"><span class='ocrx_word' id='word_1_153' title='bbox 316 2229 357 2292; x_wconf 82' lang='grc' dir='ltr'><strong><em>τὰ</em></strong></span> <span class='ocrx_word' id='word_1_154' title='bbox 375 2230 443 2311; x_wconf 82' lang='grc' dir='ltr'><strong><em>ἡθη</em></strong></span> <span class='ocrx_word' id='word_1_155' title='bbox 461 2226 604 2311; x_wconf 80' lang='grc' dir='ltr'><strong><em>πράξεις,</em></strong></span> <span class='ocrx_word' id='word_1_156' title='bbox 627 2223 682 2290; x_wconf 82' lang='grc' dir='ltr'><strong><em>καί</em></strong></span> <span class='ocrx_word' id='word_1_157' title='bbox 700 2225 792 2309; x_wconf 83' lang='grc' dir='ltr'><strong><em>πύθη</em></strong></span> <span class='ocrx_word' id='word_1_158' title='bbox 811 2225 875 2291; x_wconf 87' lang='grc' dir='ltr'><strong><em>ἀπὸ</em></strong></span> <span class='ocrx_word' id='word_1_159' title='bbox 895 2224 991 2304; x_wconf 72' lang='grc' dir='ltr'><strong><em>ἕξεως</em></strong></span> <span class='ocrx_word' id='word_1_160' title='bbox 1007 2233 1192 2308; x_wconf 75' lang='grc' dir='ltr'><strong><em>παθητικῆς</em></strong></span> <span class='ocrx_word' id='word_1_161' title='bbox 1210 2223 1325 2307; x_wconf 80' lang='grc' dir='ltr'><strong><em>οὔσης·</em></strong></span> 
     </span>
     <span class='ocr_line' id='line_1_20' title="bbox 317 2327 1326 2415; baseline -0.005 -18"><span class='ocrx_word' id='word_1_162' title='bbox 317 2334 400 2397; x_wconf 78' lang='grc' dir='ltr'><strong><em>ὥστε</em></strong></span> <span class='ocrx_word' id='word_1_163' title='bbox 428 2333 465 2396; x_wconf 92' lang='grc' dir='ltr'><strong><em>τί</em></strong></span> <span class='ocrx_word' id='word_1_164' title='bbox 492 2331 611 2397; x_wconf 89' lang='grc' dir='ltr'><strong><em>λοιπὸν</em></strong></span> <span class='ocrx_word' id='word_1_165' title='bbox 640 2329 746 2414; x_wconf 85' lang='grc' dir='ltr'><strong><em>ἡμεῖς,</em></strong></span> <span class='ocrx_word' id='word_1_166' title='bbox 778 2329 799 2412; x_wconf 86' lang='grc' dir='ltr'><strong><em>ἡ</em></strong></span> <span class='ocrx_word' id='word_1_167' title='bbox 828 2331 907 2415; x_wconf 80' lang='grc' dir='ltr'><strong><em>ὅπερ</em></strong></span> <span class='ocrx_word' id='word_1_168' title='bbox 942 2327 1038 2415; x_wconf 75' lang='grc' dir='ltr'><strong><em>ἐσμέν</em></strong></span> <span class='ocrx_word' id='word_1_169' title='bbox 1064 2327 1133 2395; x_wconf 85' lang='grc' dir='ltr'><strong><em>κατ’</em></strong></span> <span class='ocrx_word' id='word_1_170' title='bbox 1162 2329 1326 2415; x_wconf 82' lang='grc' dir='ltr'><strong><em>ἀλήθειαν</em></strong></span> 
     </span>
     <span class='ocr_line' id='line_1_21' title="bbox 276 2427 1327 2521; baseline -0.002 -19"><span class='ocrx_word' id='word_1_171' title='bbox 276 2435 423 2520; x_wconf 81' lang='grc' dir='ltr'><strong><em>ιοὴμεῖς,</em></strong></span> <span class='ocrx_word' id='word_1_172' title='bbox 452 2427 503 2512; x_wconf 79' lang='grc' dir='ltr'><strong><em>οἷς</em></strong></span> <span class='ocrx_word' id='word_1_173' title='bbox 528 2434 583 2501; x_wconf 81' lang='grc' dir='ltr'><strong><em>καί</em></strong></span> <span class='ocrx_word' id='word_1_174' title='bbox 609 2444 742 2521; x_wconf 88' lang='grc' dir='ltr'><strong><em>κρατεῖν</em></strong></span> <span class='ocrx_word' id='word_1_175' title='bbox 765 2446 833 2500; x_wconf 83' lang='grc' dir='ltr'><strong><em>τῶν</em></strong></span> <span class='ocrx_word' id='word_1_176' title='bbox 861 2443 981 2501; x_wconf 81' lang='grc' dir='ltr'><strong><em>παθῶν</em></strong></span> <span class='ocrx_word' id='word_1_177' title='bbox 1007 2437 1134 2503; x_wconf 74' lang='grc' dir='ltr'><strong><em>ἔδωκεν</em></strong></span> <span class='ocrx_word' id='word_1_178' title='bbox 1160 2434 1181 2518; x_wconf 93' lang='grc' dir='ltr'><strong><em>ἡ</em></strong></span> <span class='ocrx_word' id='word_1_179' title='bbox 1209 2435 1327 2521; x_wconf 82' lang='grc' dir='ltr'><strong><em>φύσις·</em></strong></span> 
     </span>
     <span class='ocr_line' id='line_1_22' title="bbox 317 2538 1325 2626; baseline 0.001 -21"><span class='ocrx_word' id='word_1_180' title='bbox 317 2539 372 2605; x_wconf 83' lang='grc' dir='ltr'><strong><em>καί</em></strong></span> <span class='ocrx_word' id='word_1_181' title='bbox 395 2542 459 2625; x_wconf 81' lang='grc' dir='ltr'><strong><em>γὰρ</em></strong></span> <span class='ocrx_word' id='word_1_182' title='bbox 483 2541 569 2625; x_wconf 83' lang='grc' dir='ltr'><strong><em>ὅμως</em></strong></span> <span class='ocrx_word' id='word_1_183' title='bbox 592 2538 629 2605; x_wconf 86' lang='grc' dir='ltr'><strong><em>έν</em></strong></span> <span class='ocrx_word' id='word_1_184' title='bbox 650 2539 781 2615; x_wconf 84' lang='grc' dir='ltr'><strong><em>τούτοις</em></strong></span> <span class='ocrx_word' id='word_1_185' title='bbox 804 2551 875 2616; x_wconf 85' lang='grc' dir='ltr'><strong><em>τοῖς</em></strong></span> <span class='ocrx_word' id='word_1_186' title='bbox 892 2551 1005 2618; x_wconf 87' lang='grc' dir='ltr'><strong><em>κακοῖς</em></strong></span> <span class='ocrx_word' id='word_1_187' title='bbox 1024 2542 1080 2606; x_wconf 78' lang='grc' dir='ltr'><strong><em>διὰ</em></strong></span> <span class='ocrx_word' id='word_1_188' title='bbox 1097 2549 1157 2606; x_wconf 90' lang='grc' dir='ltr'><strong><em>τοῦ</em></strong></span> <span class='ocrx_word' id='word_1_189' title='bbox 1175 2542 1325 2626; x_wconf 81' lang='grc' dir='ltr'><strong><em>σώματος</em></strong></span> 
     </span>
     <span class='ocr_line' id='line_1_23' title="bbox 317 2641 1322 2730; baseline 0.001 -22"><span class='ocrx_word' id='word_1_190' title='bbox 317 2643 570 2729; x_wconf 77' lang='grc' dir='ltr'><strong><em>ἀπειλημμένοις</em></strong></span> <span class='ocrx_word' id='word_1_191' title='bbox 592 2641 774 2709; x_wconf 77' lang='grc' dir='ltr'><strong><em>ἀδέσποτον</em></strong></span> <span class='ocrx_word' id='word_1_192' title='bbox 796 2644 916 2729; x_wconf 85' lang='grc' dir='ltr'><strong><em>ἀρετὴν</em></strong></span> <span class='ocrx_word' id='word_1_193' title='bbox 933 2647 1013 2721; x_wconf 82' lang='grc' dir='ltr'><strong><em>θεὸς</em></strong></span> <span class='ocrx_word' id='word_1_194' title='bbox 1031 2646 1161 2711; x_wconf 80' lang='grc' dir='ltr'><strong><em>ἔδωκεν.</em></strong></span> <span class='ocrx_word' id='word_1_195' title='bbox 1199 2644 1240 2711; x_wconf 90' lang='grc' dir='ltr'><strong><em>ού</em></strong></span> <span class='ocrx_word' id='word_1_196' title='bbox 1258 2646 1322 2730; x_wconf 79' lang='grc' dir='ltr'><strong><em>γὰρ</em></strong></span> 
     </span>
     <span class='ocr_line' id='line_1_24' title="bbox 318 2745 1322 2837; baseline 0.001 -23"><span class='ocrx_word' id='word_1_197' title='bbox 318 2748 354 2814; x_wconf 89' lang='grc' dir='ltr'><strong><em>έν</em></strong></span> <span class='ocrx_word' id='word_1_198' title='bbox 367 2749 478 2837; x_wconf 85' lang='grc' dir='ltr'><strong><em>ἡσύχφ</em></strong></span> <span class='ocrx_word' id='word_1_199' title='bbox 497 2745 594 2816; x_wconf 87' lang='grc' dir='ltr'><strong><em>οὖσιν</em></strong></span> <span class='ocrx_word' id='word_1_200' title='bbox 611 2747 727 2833; x_wconf 80' lang='grc' dir='ltr'><strong><em>ἀρετῆς</em></strong></span> <span class='ocrx_word' id='word_1_201' title='bbox 744 2749 796 2814; x_wconf 81' lang='grc' dir='ltr'><strong><em>ἀεῖ</em></strong></span> <span class='ocrx_word' id='word_1_202' title='bbox 813 2748 903 2834; x_wconf 92' lang='grc' dir='ltr'><strong><em>ἡμῖν,</em></strong></span> <span class='ocrx_word' id='word_1_203' title='bbox 926 2748 996 2816; x_wconf 88' lang='grc' dir='ltr'><strong><em>ἀλλ’</em></strong></span> <span class='ocrx_word' id='word_1_204' title='bbox 1015 2751 1095 2816; x_wconf 82' lang='grc' dir='ltr'><strong><em>ὅταν</em></strong></span> <span class='ocrx_word' id='word_1_205' title='bbox 1111 2751 1270 2828; x_wconf 77' lang='grc' dir='ltr'><strong><em>κίνδυνος</em></strong></span> <span class='ocrx_word' id='word_1_206' title='bbox 1284 2749 1322 2816; x_wconf 88' lang='grc' dir='ltr'><strong><em>έν</em></strong></span> 
     </span>
     <span class='ocr_line' id='line_1_25' title="bbox 317 2850 1323 2943; baseline 0.002 -23"><span class='ocrx_word' id='word_1_207' title='bbox 317 2866 430 2931; x_wconf 88' lang='grc' dir='ltr'><strong><em>κακοῖς</em></strong></span> <span class='ocrx_word' id='word_1_208' title='bbox 461 2850 547 2922; x_wconf 82' lang='grc' dir='ltr'><strong><em>εἶναι</em></strong></span> <span class='ocrx_word' id='word_1_209' title='bbox 573 2854 690 2940; x_wconf 77' lang='grc' dir='ltr'><strong><em>ἀρετῆς</em></strong></span> <span class='ocrx_word' id='word_1_210' title='bbox 720 2854 760 2920; x_wconf 91' lang='grc' dir='ltr'><strong><em>ού</em></strong></span> <span class='ocrx_word' id='word_1_211' title='bbox 791 2856 968 2941; x_wconf 91' lang='grc' dir='ltr'><strong><em>παρούσης.</em></strong></span> <span class='ocrx_word' id='word_1_212' title='bbox 1018 2856 1071 2921; x_wconf 78' lang='grc' dir='ltr'><strong><em>διὸ</em></strong></span> <span class='ocrx_word' id='word_1_213' title='bbox 1100 2852 1155 2920; x_wconf 82' lang='grc' dir='ltr'><strong><em>καί</em></strong></span> <span class='ocrx_word' id='word_1_214' title='bbox 1183 2857 1323 2943; x_wconf 84' lang='grc' dir='ltr'><strong><em>φεύγειν</em></strong></span> 
     </span>
     <span class='ocr_line' id='line_1_26' title="bbox 277 2958 1323 3049; baseline -0.001 -20"><span class='ocrx_word' id='word_1_215' title='bbox 277 2988 303 3029; x_wconf 81' lang='grc' dir='ltr'><strong><em>ιι</em></strong></span> <span class='ocrx_word' id='word_1_216' title='bbox 318 2958 476 3025; x_wconf 80' lang='grc' dir='ltr'><strong><em>ἐντεῦθεν</em></strong></span> <span class='ocrx_word' id='word_1_217' title='bbox 498 2958 625 3027; x_wconf 75' lang='grc' dir='ltr'><strong><em>δεῖκαὶ</em></strong></span> <span class='ocrx_word' id='word_1_218' title='bbox 651 2963 801 3045; x_wconf 66' lang='grc' dir='ltr'><strong><em>χωριῖειν</em></strong></span> <span class='ocrx_word' id='word_1_219' title='bbox 823 2961 944 3038; x_wconf 87' lang='grc' dir='ltr'><strong><em>αὑτούς</em></strong></span> <span class='ocrx_word' id='word_1_220' title='bbox 966 2961 1030 3027; x_wconf 85' lang='grc' dir='ltr'><strong><em>ἀπὸ</em></strong></span> <span class='ocrx_word' id='word_1_221' title='bbox 1055 2972 1121 3027; x_wconf 81' lang='grc' dir='ltr'><strong><em>τῶν</em></strong></span> <span class='ocrx_word' id='word_1_222' title='bbox 1142 2979 1323 3049; x_wconf 87' lang='grc' dir='ltr'><strong><em>προσγεγε-</em></strong></span> 
     </span>
     <span class='ocr_line' id='line_1_27' title="bbox 317 3061 1320 3152; baseline 0.001 -21"><span class='ocrx_word' id='word_1_223' title='bbox 317 3064 470 3150; x_wconf 83' lang='grc' dir='ltr'><strong><em>νημένων</em></strong></span> <span class='ocrx_word' id='word_1_224' title='bbox 491 3065 546 3131; x_wconf 82' lang='grc' dir='ltr'><strong><em>καί</em></strong></span> <span class='ocrx_word' id='word_1_225' title='bbox 568 3067 612 3150; x_wconf 91' lang='grc' dir='ltr'><strong><em>μὴ</em></strong></span> <span class='ocrx_word' id='word_1_226' title='bbox 635 3066 671 3131; x_wconf 85' lang='grc' dir='ltr'><strong><em>τὸ</em></strong></span> <span class='ocrx_word' id='word_1_227' title='bbox 694 3066 861 3132; x_wconf 84' lang='grc' dir='ltr'><strong><em>σύνθετον</em></strong></span> <span class='ocrx_word' id='word_1_228' title='bbox 884 3061 968 3132; x_wconf 83' lang='grc' dir='ltr'><strong><em>εἶναι</em></strong></span> <span class='ocrx_word' id='word_1_229' title='bbox 987 3078 1079 3152; x_wconf 81' lang='grc' dir='ltr'><strong><em>σῶμα</em></strong></span> <span class='ocrx_word' id='word_1_230' title='bbox 1098 3067 1320 3152; x_wconf 80' lang='grc' dir='ltr'><strong><em>έύυχωμένον,</em></strong></span> 
     </span>
    </p>
   </div>
   <div class='ocr_carea' id='block_1_3' title="bbox 319 3237 1320 3379">
    <p class='ocr_par' dir='ltr' id='par_1_7' title="bbox 319 3237 1320 3379">
     <span class='ocr_line' id='line_1_28' title="bbox 319 3237 1320 3363; baseline 0.005 -73"><span class='ocrx_word' id='word_1_231' title='bbox 319 3256 413 3362; x_wconf 75' lang='lat' dir='ltr'><strong><em>Timv.</em></strong></span> <span class='ocrx_word' id='word_1_232' title='bbox 424 3245 440 3292; x_wconf 83' lang='lat'><strong>6</strong></span> <span class='ocrx_word' id='word_1_233' title='bbox 451 3238 525 3363; x_wconf 46' lang='lat' dir='ltr'><strong>{3⁰1ss</strong></span> <span class='ocrx_word' id='word_1_234' title='bbox 539 3239 609 3294; x_wconf 85' lang='lat' dir='ltr'><strong>Enn.</strong></span> <span class='ocrx_word' id='word_1_235' title='bbox 619 3239 652 3308; x_wconf 80' lang='grc' dir='ltr'><strong><em>Π,</em></strong></span> <span class='ocrx_word' id='word_1_236' title='bbox 663 3244 688 3308; x_wconf 86' lang='grc'><strong><em>3,</em></strong></span> <span class='ocrx_word' id='word_1_237' title='bbox 699 3243 759 3306; x_wconf 80' lang='lat' dir='ltr'>9sq.</span> <span class='ocrx_word' id='word_1_238' title='bbox 778 3237 860 3294; x_wconf 78' lang='lat' dir='ltr'>Plato</span> <span class='ocrx_word' id='word_1_239' title='bbox 874 3239 969 3309; x_wconf 84' lang='lat' dir='ltr'><strong>Rep.X</strong></span> <span class='ocrx_word' id='word_1_240' title='bbox 981 3258 1007 3309; x_wconf 87' lang='lat' dir='ltr'><strong><em>p.</em></strong></span> <span class='ocrx_word' id='word_1_241' title='bbox 1023 3245 1141 3308; x_wconf 77' lang='lat' dir='ltr'>617sqq.</span> <span class='ocrx_word' id='word_1_242' title='bbox 1196 3248 1228 3295; x_wconf 91' lang='lat'><strong><em>11</em></strong></span> <span class='ocrx_word' id='word_1_243' title='bbox 1247 3239 1320 3295; x_wconf 73' lang='lat' dir='ltr'><strong>Plat.</strong></span> 
     </span>
     <span class='ocr_line' id='line_1_29' title="bbox 359 3327 1231 3379; baseline 0.005 -5"><span class='ocrx_word' id='word_1_244' title='bbox 359 3369 361 3374; x_wconf 81' lang='grc'><strong><em>,</em></strong></span> <span class='ocrx_word' id='word_1_245' title='bbox 384 3353 389 3364; x_wconf 84' lang='grc'><em>·</em></span> <span class='ocrx_word' id='word_1_246' title='bbox 408 3327 436 3379; x_wconf 88' lang='lat' dir='ltr'><strong><em>P·</em></strong></span> <span class='ocrx_word' id='word_1_247' title='bbox 1228 3371 1231 3378; x_wconf 95' lang='lat'><em>.</em></span> 
     </span>
    </p>
   </div>
   <div class='ocr_carea' id='block_1_4' title="bbox 318 3465 1320 3682">
    <p class='ocr_par' dir='ltr' id='par_1_8' title="bbox 318 3465 1320 3682">
     <span class='ocr_line' id='line_1_30' title="bbox 388 3465 1320 3539; baseline 0.005 -20"><span class='ocrx_word' id='word_1_248' title='bbox 388 3485 413 3523; x_wconf 83' lang='lat' dir='ltr'><strong><em>v.</em></strong></span> <span class='ocrx_word' id='word_1_249' title='bbox 429 3472 463 3521; x_wconf 92' lang='grc'><strong><em>10</em></strong></span> <span class='ocrx_word' id='word_1_250' title='bbox 481 3466 511 3522; x_wconf 80' lang='grc' dir='ltr'><strong><em>έν</em></strong></span> <span class='ocrx_word' id='word_1_251' title='bbox 530 3466 561 3523; x_wconf 74' lang='grc' dir='ltr'><strong><em>δὲ</em></strong></span> <span class='ocrx_word' id='word_1_252' title='bbox 580 3465 687 3537; x_wconf 83' lang='grc' dir='ltr'><strong><em>Τιμαίω</em></strong></span> <span class='ocrx_word' id='word_1_253' title='bbox 704 3467 776 3522; x_wconf 78' lang='lat' dir='ltr'><strong>Plot.</strong></span> <span class='ocrx_word' id='word_1_254' title='bbox 832 3472 866 3522; x_wconf 88' lang='grc'><strong><em>16</em></strong></span> <span class='ocrx_word' id='word_1_255' title='bbox 884 3465 1063 3538; x_wconf 78' lang='grc' dir='ltr'><strong><em>κομιζομένην</em></strong></span> <span class='ocrx_word' id='word_1_256' title='bbox 1077 3469 1105 3539; x_wconf 79' lang='lat' dir='ltr'><strong><em>S,</em></strong></span> <span class='ocrx_word' id='word_1_257' title='bbox 1124 3467 1320 3539; x_wconf 73' lang='grc' dir='ltr'><strong><em>κομιζομένους</em></strong></span> 
     </span>
     <span class='ocr_line' id='line_1_31' title="bbox 319 3522 1320 3614; baseline 0.003 -22"><span class='ocrx_word' id='word_1_258' title='bbox 319 3538 426 3592; x_wconf 66' lang='grc' dir='ltr'><strong><em>αηειι</em></strong></span> <span class='ocrx_word' id='word_1_259' title='bbox 443 3538 480 3592; x_wconf 79' lang='grc' dir='ltr'><strong><em>ιο</em></strong></span> <span class='ocrx_word' id='word_1_260' title='bbox 497 3537 603 3594; x_wconf 70' lang='lat' dir='ltr'>Plotini</span> <span class='ocrx_word' id='word_1_261' title='bbox 625 3522 752 3593; x_wconf 73' lang='lat' dir='ltr'><strong>codicum</strong></span> <span class='ocrx_word' id='word_1_262' title='bbox 769 3537 854 3592; x_wconf 79' lang='lat' dir='ltr'><strong>fidem</strong></span> <span class='ocrx_word' id='word_1_263' title='bbox 941 3545 973 3593; x_wconf 82' lang='grc' dir='ltr'><strong><em>ιι</em></strong></span> <span class='ocrx_word' id='word_1_264' title='bbox 994 3538 1042 3593; x_wconf 79' lang='grc' dir='ltr'><strong><em>οε</em></strong></span> <span class='ocrx_word' id='word_1_265' title='bbox 1059 3539 1110 3609; x_wconf 69' lang='grc' dir='ltr'><strong><em>ιιι</em></strong></span> <span class='ocrx_word' id='word_1_266' title='bbox 1128 3547 1176 3593; x_wconf 63' lang='grc' dir='ltr'><strong><em>τοι</em></strong></span> <span class='ocrx_word' id='word_1_267' title='bbox 1195 3541 1320 3614; x_wconf 53' lang='lat' dir='ltr'><strong><em>amos</em></strong></span> 
     </span>
     <span class='ocr_line' id='line_1_32' title="bbox 318 3607 1319 3682; baseline 0.004 -20"><span class='ocrx_word' id='word_1_268' title='bbox 318 3607 428 3664; x_wconf 80' lang='lat' dir='ltr'><strong>codices</strong></span> <span class='ocrx_word' id='word_1_269' title='bbox 441 3608 554 3678; x_wconf 73' lang='lat' dir='ltr'><strong>Plotini,</strong></span> <span class='ocrx_word' id='word_1_270' title='bbox 569 3625 584 3665; x_wconf 83' lang='grc' dir='ltr'><strong><em>ο</em></strong></span> <span class='ocrx_word' id='word_1_271' title='bbox 597 3608 700 3677; x_wconf 78' lang='lat' dir='ltr'><strong>quibus</strong></span> <span class='ocrx_word' id='word_1_272' title='bbox 711 3611 778 3678; x_wconf 75' lang='lat' dir='ltr'><strong>post</strong></span> <span class='ocrx_word' id='word_1_273' title='bbox 791 3609 915 3677; x_wconf 77' lang='grc' dir='ltr'><strong><em>σώματος</em></strong></span> <span class='ocrx_word' id='word_1_274' title='bbox 929 3608 1008 3663; x_wconf 72' lang='lat' dir='ltr'><strong>addit</strong></span> <span class='ocrx_word' id='word_1_275' title='bbox 1021 3609 1107 3679; x_wconf 87' lang='grc' dir='ltr'><strong><em>φύσιν</em></strong></span> <span class='ocrx_word' id='word_1_276' title='bbox 1120 3610 1181 3665; x_wconf 74' lang='lat' dir='ltr'><strong>Par.</strong></span> <span class='ocrx_word' id='word_1_277' title='bbox 1195 3629 1237 3682; x_wconf 82' lang='lat' dir='ltr'><strong><em>gr.</em></strong></span> <span class='ocrx_word' id='word_1_278' title='bbox 1250 3613 1319 3666; x_wconf 77' lang='lat'>1816</span> 
     </span>
    </p>
   </div>
   <div class='ocr_carea' id='block_1_5' title="bbox 0 0 1587 4296">
    <p class='ocr_par' dir='ltr' id='par_1_9' title="bbox 0 0 1587 4296">
     <span class='ocr_line' id='line_1_33' title="bbox 0 0 1587 4296; baseline 0 0"><span class='ocrx_word' id='word_1_279' title='bbox 0 0 1587 4296; x_wconf 95' lang='lat' dir='ltr'><strong><em> </em></strong></span> 
     </span>
    </p>
   </div>
  </div>
 </body>
</html>
