3074 4598
227 457 254 513 X
638 456 844 515 palasano

295 626 408 698 Quodsi
434 629 497 688 iam
523 626 733 706 concessimus,
765 646 826 688 non
854 646 976 706 prorsus
1003 629 1154 708 integrum
1177 646 1241 690 esse

228 715 359 778 codicem
391 715 433 793 Ο,
465 719 600 776 attamen
635 715 844 796 integerrimus
880 721 911 779 et
946 719 1164 779 vetustissimus
1195 720 1242 778 est
1280 741 1284 747 ⁴

227 804 364 868 codicum
386 805 592 883 Lydianorum
614 807 916 885 manuscriptorum,
940 810 1088 885 quotquot
1110 810 1242 868 aetatem

225 895 371 955 tulerunt
417 894 547 970 scriptus
570 895 616 954 est
638 895 712 955 satis
740 895 914 974 diligenter,
943 916 1038 975 neque
1065 899 1165 956 tamen
1183 898 1242 974 ita,

226 986 264 1043 ut
292 986 394 1044 careat
422 981 553 1042 itacismi
582 1001 672 1060 quem
700 989 810 1046 vocant
838 985 920 1046 vitiis
951 989 981 1046 et
1010 986 1150 1063 exemplis
1173 1006 1242 1048 con-

225 1071 364 1132 fusarum
392 1071 471 1131 inter
501 1089 532 1132 se
560 1070 731 1132 litterarum
757 1073 777 1154 β
800 1077 831 1133 et
851 1096 885 1152 c,
914 1078 981 1135 set
1002 1098 1045 1152 ec,
1076 1078 1145 1135 oet
1168 1098 1191 1136 ce
1210 1078 1242 1136 et

225 1163 466 1239 permutatomm
487 1179 620 1237 casuum,
644 1161 775 1240 genetivi
792 1181 859 1222 cum
877 1164 1055 1239 accusativo,
1077 1163 1242 1225 accusativi

228 1269 296 1310 cum
313 1244 522 1312 nominativo.¹
558 1268 661 1327 quare,
682 1249 829 1310 abitalia
846 1251 931 1312 nobis
949 1256 1108 1313 occurrunt
1124 1253 1240 1330 menda,

224 1337 316 1398 facile
339 1339 474 1400 sananda
496 1337 554 1399 en't
576 1337 690 1400 codicis
716 1339 820 1414 lectio,
846 1339 880 1398 in
901 1339 1010 1400 ceteris
1037 1344 1153 1416 autem,
1181 1341 1242 1402 nisi

227 1446 288 1504 quo
311 1427 372 1489 alio
396 1428 495 1489 codice
523 1425 714 1488 Oaseolinum
741 1446 854 1488 errasse
877 1430 978 1505 aperte
1010 1427 1239 1505 demonstratur,

228 1516 407 1577 coniecturis
429 1514 654 1577 abstinebimus.

114 1618 166 1661 eoa
179 1621 201 1662 a
294 1605 400 1683 Neque
422 1625 493 1667 vero
521 1603 643 1663 difficile
673 1606 718 1663 est
747 1603 917 1680 intellectu,
944 1602 1097 1681 quomodo
1125 1604 1241 1665 factum

226 1691 280 1767 sit,
309 1695 349 1752 <ut
371 1712 387 1751 e
409 1694 495 1754 nullo
523 1692 624 1752 codice
650 1689 767 1769 integro
787 1693 879 1768 plura
901 1692 1058 1768 supersint
1102 1694 1139 1751 ut
1161 1693 1240 1752 enirn

224 1779 302 1840 liber
324 1780 361 1839 de
383 1780 535 1840 mensibus
553 1776 708 1855 Lydianus
730 1778 902 1840 continebat
917 1779 1090 1841 immensam
1109 1779 1238 1859 quidem,

223 1868 278 1928 sed
299 1868 381 1928 haud
402 1869 477 1928 bene
497 1867 633 1927 iunmam
655 1867 859 1928 collectionem
873 1887 974 1928 rerum
991 1870 1151 1946 variarum,
1173 1871 1238 1949 qui·

223 1956 281 2016 bus
305 1957 437 2018 omnium
458 1958 604 2018 lectorum
634 1954 727 2015 animi
755 1975 851 2034 aequo
880 1958 969 2019 modo
996 1959 1092 2020 teneri
1117 1958 1240 2020 minime

224 2049 375 2125 poterant,
387 2046 449 2108 iam
461 2049 597 2124 tempore
611 2044 684 2106 satis
697 2049 812 2107 remoto
826 2047 942 2125 excerpi
954 2053 1075 2126 coeptus
1089 2051 1134 2109 est
1143 2052 1239 2126 atque

224 2134 355 2215 primum
378 2135 498 2215 quidem
520 2153 556 2196 ea
578 2133 708 2209 ratione,
737 2138 772 2194 ut
798 2135 918 2214 singule
941 2138 1041 2214 capita
1064 2136 1100 2198 ob
1122 2137 1239 2198 vanam

221 2229 256 2286 ,et
285 2224 482 2304 multiplicem
519 2224 686 2287 doctrinam
719 2224 952 2284 transferrentur
986 2227 1019 2286 in
1049 2226 1238 2287 collectiones

220 2333 300 2392 quas
318 2333 458 2377 vocamus
477 2313 746 2392 encyclcpaedicas‚
769 2313 872 2391 quales
894 2313 964 2374 inde
986 2334 1005 2374 a
1022 2314 1139 2375 saeculo
1157 2335 1237 2376 nono

219 2404 326 2482 plnres
348 2403 488 2482 Byzantii
510 2406 581 2463 sunt
603 2401 767 2477 confectae,
789 2402 1012 2463 reminiscamur
1028 2406 1146 2463 tantum
1164 2403 1238 2480 eius,

225 2510 303 2570 quae
326 2492 373 2553 sni
397 2491 542 2571 temporis
567 2495 638 2552 erat
666 2490 844 2567 clarissima,
873 2491 1019 2570 epitomae
1048 2489 1238 2553 Constantini

224 2581 535 2669 Porphyrogennetae
572 2583 776 2658 excerptorum
794 2585 894 2641 autem
915 2581 976 2642 eiua
994 2581 1109 2661 generis
1126 2581 1237 2657 Iaydia·

224 2690 330 2731 norum
349 2669 643 2748 ¹praestantissimum
666 2671 817 2748 exemplar
843 2674 888 2731 eet
914 2669 1022 2731 codex
1047 2668 1236 2731 Parisinus

225 2759 471 2838 supplementi
501 2760 624 2838 graeci
652 2760 764 2835 607A,
794 2759 827 2818 in
849 2759 983 2820 editione
1004 2760 1032 2820 R
1057 2759 1237 2837 appellatus,

224 2867 313 2925 quem
325 2847 476 2927 integrum
494 2847 589 2908 edidit
601 2848 678 2908 Men
694 2848 771 2907 Tren
784 2848 817 2907 in
829 2852 1048 2927 programmate
1063 2845 1236 2909 Ohleviensi

224 2937 297 2995 anni
312 2937 398 2998 1-880
417 2930 582 3019 (Excerpta
599 2937 740 3013 anonymi
757 2936 917 3013 Byzantini
931 2957 952 2997 e
965 2937 1032 2999 cod
1050 2936 1118 2998 Per.
1137 2939 1236 3017 suppl.

224 3044 268 3103 gr.
282 3027 351 3085 2607
362 3018 406 3108 A)
430 3029 461 3086 et
479 3023 641 3102 descripsit
660 3024 749 3085 huius
771 3028 1001 3104 programmatis
1018 3047 1047 3104 p.
1065 3028 1121 3086 67:
1142 3045 1235 3087 mem·

222 3113 387 3174 branaceus
411 3116 456 3174 est
478 3113 590 3173 saecrrli
612 3113 731 3190 decimi,
759 3112 922 3181 e,³Gruecia
943 3135 968 3175 ,a
988 3115 1119 3176 Minoide
1140 3115 1235 3194 Myna

223 3202 351 3277 alletus3
381 3203 521 3264 continet
552 3205 710 3279 ¹excerpta,
745 3201 887 3263 maone
922 3203 1063 3282 pleraque
1099 3207 1130 3263 et
1165 3224 1234 3284 geo·

223 3291 376 3369 graphica,
398 3290 501 3370 qualia
518 3293 588 3350 tum
606 3291 839 3368 Byauntinorum
856 3292 955 3352 studia
972 3290 1138 3354 movebant
1174 3313 1234 3371 quc

222 3379 256 3439 in
283 3380 383 3440 codice
410 3379 552 3458 quoniam
579 3383 734 3440 ancmrnm
760 3379 895 3456 nomina,
916 3400 938 3440 ‚e
964 3379 1071 3459 quibus
1098 3381 1234 3459 singulae

220 3470 325 3546 partes
352 3468 413 3530 sint
439 3469 567 3547 petitae,
597 3488 658 3530 non
685 3469 861 3543 afferuntur,
887 3469 1020 3546 ,primum
1049 3468 1234 3547 inquiramus

223 3575 342 3617 necesse
366 3560 420 3633 est,
437 3556 621 3635 quibusnam
644 3557 813 3617 auctoribus
836 3557 998 3618 debeantur
1018 3575 1065 3618 res
1091 3558 1134 3617 ibi
1151 3577 1233 3619 com·

222 3648 416 3721 memoratae,
437 3664 552 3724 quaere
575 3645 739 3723 exscriptae
762 3645 823 3705 sint
844 3664 879 3705 ex
901 3666 946 3721 eo,
967 3665 1056 3724 quem
1076 3645 1162 3706 unice
1184 3666 1233 3708 cu·

298 3833 308 3865 ¹
325 3849 351 3886 v.
371 3831 452 3887 Hasii
471 3830 701 3887 commentarium
718 3850 745 3903 p.
764 3830 864 3886 LXXII
881 3849 922 3903 sq.
