3074 4598
276 455 341 512 LVI
683 453 890 512 PRAEFATIO

276 627 423 703 p.48,16
444 625 517 688 me
550 622 603 685 τὸν
635 623 764 704 reipupu-
816 617 881 686 κατ’
902 623 1089 705 εὐφημισμόν
1113 623 1196 686 GFG

446 713 522 795 σμὸν
543 715 603 774 DE

319 807 402 881 49,1
445 805 761 884 ἕστω-δτριῶνΝω-
815 824 893 882 quee
922 806 955 866 iu
986 804 1110 882 reliquis
1141 802 1295 865 codicibus

443 897 506 963 νῶν
519 892 627 953 desunt
636 893 673 969 Ε,
688 891 761 955 ἔστω
981 897 1090 954 extant.

442 982 759 1043 -2NtdvurdesuntD

275 1071 335 1131 hcc
352 1070 459 1130 ultimo
477 1072 572 1150 igitur
589 1073 655 1134 loco
674 1092 743 1133 cum
760 1074 848 1151 plura
866 1070 965 1133 desint
976 1073 1046 1133 inu
1061 1091 1152 1150 quam
1164 1070 1196 1130 in
1209 1071 1247 1147 D,
1264 1071 1292 1131 Ε

278 1178 349 1221 vero
363 1160 511 1221 vetustior
525 1161 565 1222 sit
579 1162 679 1223 codice
688 1162 726 1238 D,
740 1163 875 1239 apparet,
888 1165 1027 1221 neutrum
1040 1181 1076 1221 ex
1085 1161 1188 1236 altero,
1200 1160 1292 1220 immo

277 1251 443 1326 utrumque
467 1270 502 1311 ex
524 1270 586 1312 uno
611 1252 774 1328 eodemque
792 1249 973 1326 exscriptum
991 1269 1053 1310 esse
1071 1250 1181 1326 codice,
1205 1252 1236 1308 et
1254 1249 1292 1308 si·

276 1337 402 1399 milibus
421 1341 516 1401 causis
536 1341 722 1414 adducimur,
745 1342 781 1399 ut
797 1338 928 1416 reliquos
947 1357 1066 1415 quoque
1083 1339 1197 1399 codices
1216 1335 1292 1398 GFG

277 1427 333 1487 uni
365 1429 550 1509 assignemus
582 1430 754 1506 archetypo.
809 1427 900 1488 altius
933 1430 1033 1486 autem
1062 1427 1095 1485 in
1125 1426 1295 1486 definienda

279 1517 384 1594 stirpis
406 1519 434 1578 Y
460 1517 663 1579 membrorum
690 1517 866 1595 cognatione
889 1515 1061 1576 descendere
1085 1514 1225 1575 cautioris
1247 1517 1295 1574 in·

278 1606 453 1683 quisitionis
481 1626 542 1667 nou
573 1625 635 1666 esse
667 1605 837 1681 putaverim
868 1608 992 1681 propter
1020 1605 1170 1662 momente
1201 1621 1295 1679 supra

279 1699 467 1754 enumerata:
495 1712 688 1770 requerere
710 1692 843 1752 iacturae
868 1693 1032 1769 quidquam
1057 1691 1196 1767 facimuS,
1225 1709 1292 1750 cum

276 1783 336 1842 hoo
358 1781 556 1859 relinquimus
579 1781 612 1838 in
629 1779 737 1839 medio.
773 1780 846 1840 locis
865 1781 944 1840 enim
962 1779 1062 1841 allatis
1081 1781 1153 1841 satis
1172 1779 1294 1840 demon·

278 1871 403 1943 stratur,
430 1887 546 1946 semper
568 1867 630 1928 fere
654 1867 786 1928 exbiberi
808 1869 970 1949 genuinam
994 1871 1149 1931 lectionem
1171 1887 1189 1928 a
1213 1869 1293 1929 codi-

276 1977 346 2018 cum
370 1955 454 2017 OFG
477 1956 649 2034 archetypo.

345 2044 458 2116 Quibus
482 2045 627 2123 expeditis
650 2048 746 2106 restat
767 2048 803 2108 ut
826 2067 1013 2125 quaeramus,
1037 2067 1166 2126 quonam
1189 2048 1294 2110 ordine

277 2135 312 2196 in
334 2134 497 2195 edicionem
518 2134 691 2212 recipienda
713 2135 774 2196 sint
794 2138 964 2216 fragmenta
986 2157 1004 2197 a
1026 2137 1174 2199 codicibus
1190 2157 1292 2197 recen·

277 2224 371 2285 sionis
393 2223 421 2282 Y
444 2225 570 2284 servata.
612 2243 742 2301 cumque
765 2226 985 2302 comparatione
1008 2245 1110 2288 eorum
1132 2245 1200 2285 cum
1222 2225 1291 2286 reli-

276 2313 358 2391 quiis
382 2331 436 2389 per
454 2311 568 2372 codices
586 2312 770 2373 Burberinue
787 2315 966 2375 recensionis
985 2347 1026 2356 —
1045 2314 1081 2375 de
1102 2314 1210 2391 quibus
1228 2315 1291 2374 iam

277 2402 337 2462 erit
364 2401 521 2461 dicendum
549 2433 592 2443 —
620 2402 746 2462 servatis
772 2403 913 2463 instituta
940 2403 1169 2478 demonstretur,
1194 2403 1292 2463 Maxi·

274 2511 361 2551 mum
388 2488 554 2549 Planudem
580 2490 613 2549 in
643 2490 816 2552 universum
848 2491 969 2569 quidem
1000 2492 1125 2552 eundem
1157 2491 1292 2552 ordinem

274 2578 445 2654 retinuisse,
465 2597 552 2655 quem
568 2578 600 2638 in
619 2579 782 2657 archetypo
795 2580 933 2657 Lydiano
952 2585 1131 2658 reppererat,
1154 2584 1290 2657 superest

275 2673 313 2728 ut
341 2668 404 2728 eius
432 2667 601 2745 fragmenta
630 2668 855 2745 interponamus
884 2669 965 2730 inter
992 2668 1129 2729 uberiora
1157 2669 1212 2728 iila
1241 2690 1290 2729 ex-

276 2758 381 2833 cerpta
403 2754 568 2816 Barberina
591 2757 755 2817 secuudum
776 2757 895 2832 iudicia,
923 2777 1000 2835 quse
1021 2757 1106 2818 nobis
1131 2758 1197 2834 ipsc
1223 2778 1290 2818 ver·

274 2845 383 2904 borum
415 2846 556 2905 contextu
585 2845 824 2922 suppeditantur.
879 2847 959 2922 quod
987 2850 1145 2922 postquam
1173 2846 1290 2906 factum

275 2936 322 2993 est
354 2951 373 2992 a
401 2932 535 2994 Schowio
567 2933 764 3010 prebentibus
795 2933 944 2995 Roethero
970 2934 1162 3010 Bekkeroque
1186 2965 1228 2975 -—
1255 2936 1288 2994 in

273 3023 383 3083 horum
411 3021 591 3083 editionibus
620 3040 669 3096 ea,
697 3041 774 3098 quae
797 3022 942 3082 debentur
969 3022 1116 3083 codicibus
1138 3022 1175 3098 Y,
1202 3025 1289 3083 nucis

275 3113 392 3171 seclusa
409 3111 539 3189 reperies
558 3143 601 3154 -
619 3110 696 3171 nihil
718 3114 820 3187 restat,
842 3110 901 3172 nisi
923 3115 959 3172 ut
981 3115 1066 3172 notas
1087 3112 1125 3172 iis
1143 3112 1216 3172 locis
1234 3113 1287 3172 ad-

275 3199 356 3274 dam,
375 3201 484 3277 quibus
503 3219 523 3261 a
539 3198 716 3261 Schowiana
733 3200 921 3261 restitutione
939 3201 1086 3277 discrepat
1103 3200 1194 3261 editio
1212 3221 1289 3261 mea.

275 3291 368 3365 atque
395 3291 523 3366 primum
553 3289 674 3366 quidem
700 3288 730 3363 I,
749 3289 821 3351 eur
846 3290 1018 3367 transposui
1044 3294 1113 3366 post
1136 3289 1290 3365 I,11Rr,

276 3397 344 3437 uum
368 3398 383 3436 e
409 3379 625 3438 sententiarum
654 3397 731 3437 nexu
759 3383 930 3455 appareret,
957 3379 1176 3457 paragraphum
1203 3378 1288 3438 illam

274 3465 421 3527 hocloco
445 3467 596 3544 quondam
618 3467 766 3526 extitisse:
788 3470 824 3526 ut
846 3468 925 3528 enim
949 3467 984 3527 de
1006 3467 1100 3528 tribus
1118 3466 1204 3543 uryli
1223 3469 1286 3527 ani·

273 3555 333 3614 mis
356 3555 528 3631 loqueretur
549 3554 652 3630 Lydus
676 3559 838 3615 commotus
862 3561 927 3617 erat
948 3556 1096 3616 mentione
1118 3555 1210 3616 trium
1231 3555 1289 3616 Ge·

274 3641 378 3718 ryonis
410 3661 574 3720 corporum.
621 3642 728 3703 deinde
759 3663 834 3720 quae
860 3665 889 3720 p.
910 3645 1006 3704 44Rr
1033 3645 1174 3724 leguntur
1202 3645 1288 3704 uncis

276 3730 392 3790 seclusa
411 3728 543 3812 διαφέρει
558 3763 600 3773 -
615 3731 733 3811 μίμημα
751 3732 847 3792 omisi:
866 3751 962 3810 neque
981 3732 1059 3792 enim
1075 3733 1213 3793 viderant
1226 3733 1287 3792 edi·

271 3820 365 3892 tores,
392 3819 446 3879 illu
470 3839 505 3879 ex
527 3819 630 3880 eodem
654 3821 810 3898 desumpta
827 3821 893 3896 loco
912 3841 974 3882 esse
998 3841 1057 3899 quo
1081 3840 1124 3896 ea,
1147 3839 1222 3898 quae
1245 3822 1287 3880 le·
