3074 4598
492 509 601 565 LIBER
619 507 797 575 QUARTUS.
823 509 1022 569 ιιωοιοιοε
1219 522 1259 587 81

234 682 342 753 ,δαλοι
366 673 406 741 (λε’
425 691 508 759 φασι
530 671 591 754 τὴν
613 670 726 755 ψυχήν
749 669 857 756 ἁπλῆν
879 669 964 751 εἶναι
986 672 1041 753 καὶ
1063 681 1183 762 νοεράν
1204 680 1292 749 καλε

251 782 397 866 λογικήν,
414 787 600 866 προϊοῦσαν
614 771 652 840 δὲ
671 773 707 839 έκ
724 786 793 841 τῶν
810 791 939 862 νοητῶν
957 778 1010 846 ἐπὶ
1027 780 1086 847 τὸν
1099 784 1260 868 αἰσθητὸν

249 891 376 971 κόσμον
393 884 457 951 ἀπὸ
471 879 533 968 μὲν
546 891 606 947 τοῦ
620 878 758 966 αἰθέρος
771 888 1037 971 προσλαμβάνειν
1050 888 1086 955 τὸ
1099 892 1259 974 θυμικόν·

249 991 305 1059 καί
337 994 399 1077 γὰρ
430 989 588 1076 ἐμπύριος
617 987 636 1055 6
669 988 786 1071 αῦθήρ·
816 987 881 1055 ἀπὸ
914 988 951 1057 δὲ
981 1003 1039 1079 τῆς
1068 1001 1258 1081 σεληνιακῆς

251 1109 362 1186 σειρᾶς
388 1097 426 1162 τὸ
457 1094 712 1180 ἐπιθυμητικόν·
741 1091 881 1181 καὶγὰρ
904 1096 990 1183 ὑγρὰ
1016 1100 1077 1183 τήν
1099 1102 1202 1187 φύσιν
1223 1101 1308 1185 ἡῩε

250 1206 383 1288 σελήνη·
417 1202 502 1268 ὅθεν
532 1199 587 1267 καὶ
617 1204 652 1268 αἱ
685 1198 762 1288 περὶ
792 1198 924 1286 ἐρώτων
951 1218 1144 1288 μαγγανεῖαι
1172 1209 1256 1294 πρὸς
1283 1238 1296 1278 ι

248 1312 311 1394 τῆν
342 1310 484 1394 σελήνην
512 1300 566 1376 οἷα
598 1310 639 1394 δή
662 1306 865 1394 Ἀφροδίτην
892 1309 936 1384 ὥς
967 1328 1049 1393 φασι
1075 1315 1256 1401 κριταπράτ-1

246 1440 369 1483 πονται.
419 1419 452 1484 οἱ
484 1414 521 1484 δέ
548 1413 699 1501 Ἀθηυᾶν
730 1415 789 1479 τὸν
820 1412 915 1498 ἀέρα,
958 1416 1186 1500 Τριτογένειαν
1217 1417 1255 1488 δὲ

246 1523 354 1609 αὐτὴν
376 1525 432 1591 διὰ
455 1525 492 1590 τὸ
515 1522 603 1610 τρισὶ
624 1524 821 1609 μεταβολαῖς
843 1520 1062 1588 ἀλλοιοῦσθαι
1084 1524 1143 1589 τὸν
1165 1524 1255 1614 ἀέρα,

245 1634 294 1710 είς
319 1635 376 1720 ἔαρ
404 1632 519 1717 δῆλον,
548 1628 651 1718 θέρος
676 1627 792 1695 τεκαὶ
817 1639 973 1715 χειμῶνα·
1000 1635 1190 1711 γλαυκῶπιν
1217 1629 1254 1698 δὲ
1267 1661 1294 1700 τι

244 1740 303 1805 διὰ
333 1741 394 1823 τὴν
424 1747 486 1806 τοῦ
518 1735 615 1824 ἀέρος
646 1739 728 1816 όψιν
760 1739 946 1820 ἔγγλαυκον
978 1731 1071 1803 εἶναι.
1123 1737 1254 1823 Περσέα

192 1870 218 1906 υ·
245 1842 284 1912 δὲ
307 1847 365 1912 τὸν
387 1846 485 1928 ήλιον
507 1843 562 1910 καὶ
586 1846 740 1930 Γοργόνα
762 1844 824 1927 τήν
845 1843 971 1930 ἡμέραν
992 1842 1028 1909 έκ
1047 1853 1107 1910 τοῦ
1125 1846 1253 1931 τάχους,

244 1943 320 2018 οἷον
354 1952 474 2037 εἰπεῖν,
508 1952 559 2017 ὅτι
594 1951 651 2016 διὰ
681 1959 742 2015 τοῦ
771 1947 868 2034 ἀέρος
897 1949 915 2016 6
944 1951 1037 2033 ήλιος
1064 1950 1254 2039 ἀποτρέχων

242 2057 418 2143 ἀποτέμνει
447 2061 506 2133 τὰς
532 2054 669 2142 ἡμέρας,
702 2055 768 2120 ὑπὸ
795 2064 853 2138 τῆς
875 2054 1033 2140 Ἀθηνᾶς,
1066 2056 1168 2123 οἱονεί
1195 2070 1252 2144 τῆς

241 2167 412 2250 προνοίας,
435 2164 497 2246 τῆν
519 2163 628 2246 ἅρπην
652 2197 694 2208 -—
719 2159 793 2226 ἀντὶ
811 2169 868 2245 τῆς
886 2159 1039 2245 ὀξύτητος
1062 2200 1103 2209 -
1127 2165 1251 2249 λαβών·
1264 2193 1291 2235 ιι

241 2270 300 2340 καί
333 2272 389 2336 διὰ
416 2278 516 2336 τοῦτο
547 2266 584 2333 έν
611 2277 681 2344 τοῖς
708 2269 903 2354 ὡρολογίοις
924 2269 1003 2344 ἔθος
1026 2267 1249 2355 έγγλύφεσθαι

241 2380 394 2464 Γοργόνα
425 2373 501 2440 ἀντὶ
529 2382 590 2440 τοῦ
620 2375 681 2459 τήν
713 2370 845 2461 ἡμέραν.
898 2374 993 2457 ὑγεία
1026 2372 1115 2441 ἐστὶν
1139 2376 1249 2460 ἡτῶν

239 2484 400 2549 ἐναντίων
422 2483 608 2565 ποιοτήτων
630 2481 712 2547 κατὰ
735 2481 793 2545 τὸν
816 2481 976 2546 σωστικὸν
999 2483 1100 2563 λόγον
1117 2480 1248 2570 ἐπικρα-

241 2600 345 2656 τοῦσα
367 2589 516 2673 δύναμις.

184 2706 308 2763 RrIV18
331 2695 382 2760 23.
413 2696 561 2771 Οῦλπιος
590 2693 736 2760 ἐκαλεῖτο
764 2692 782 2759 6
809 2694 971 2780 Τραϊανὸς
992 2695 1074 2759 κατὰ
1102 2695 1163 2779 τὴν
1185 2704 1245 2762 τοῦ
1259 2724 1286 2764 ιο

237 2804 361 2889 πατρὸς
383 2804 620 2888 προσηγορίαν,
642 2804 805 2885 Κρινῑτου
827 2796 865 2866 δὲ
888 2799 989 2866 αὐτὸν
1007 2799 1110 2867 οἱονεὶ
1128 2800 1246 2868 εὐπλό-

236 2934 344 2995 καμον
369 2919 439 2985 τοῖς
457 2907 626 2993 Ῥωμαίοις
655 2906 763 2973 έόόκει
789 2911 902 2974 καλεῖν
931 2908 987 2972 διὰ
1008 2909 1069 2991 τὴν
1090 2907 1166 2994 περὶ
1188 2909 1245 2986 τὰς

235 3025 295 3100 τῆς
316 3020 460 3100 κεφαλῆς
482 3012 586 3080 αὐτοῦ
608 3017 723 3100 τρίχας
745 3015 903 3098 σπονδήν.
943 3011 998 3079 καί
1016 3015 1053 3080 τὸ
1071 3010 1132 3100 μὲν
1151 3027 1244 3100 σῶμα

235 3119 279 3207 ἦν
305 3122 443 3208 βραχύς,
471 3123 512 3186 τὰ
539 3118 568 3186 6'
595 3121 679 3185 ἀλλα
707 3120 834 3203 ἀγαθὸς
861 3121 920 3186 τὸν
938 3122 1062 3205 τρόπον
1083 3120 1121 3186 έν
1143 3139 1269 3194 συνα-Ι

236 3231 350 3313 σκήσει
371 3228 484 3292 ὅπλων
506 3250 541 3292 τε
563 3223 617 3290 καί
640 3229 806 3312 γυμνασίᾳ
828 3227 987 3310 σώματος,
1009 3226 1070 3291 οῦκ
1088 3227 1243 3310 εὐγενοῦς
1256 3256 1283 3298 ετ

233 3335 409 3425 τυγχάνων
433 3336 603 3417 φαμιλίας·
626 3334 803 3416 τριβοῦνος
820 3333 883 3418 γάρ
902 3326 944 3414 ῆν
960 3334 1121 3418 πρότερον
1138 3336 1243 3418 ήγονν

233 3440 413 3526 φύλαρχος.
463 3440 771 3522 συναισθανόμενος
799 3432 837 3501 δὲ
866 3437 911 3514 ὡς
940 3436 1076 3522 ἐραστής
1105 3438 1194 3505 ἐστιν
1222 3439 1241 3506 6

306 3756 331 3792 v.
351 3744 366 3792 ὅ
385 3737 403 3806 ἡ
422 3736 500 3792 omis.
519 3737 549 3791 D
627 3743 644 3792 6
663 3744 829 3807 μαγγανεῑαι
848 3736 918 3805 πρὸς
940 3735 1026 3805 affin
1045 3707 1169 3807 γίνονται
1187 3711 1238 3792 eosst.

234 3808 294 3866 dou.
317 3809 347 3863 Y
414 3813 449 3862 14
467 3804 651 3877 ἀποτέμνεται
669 3807 713 3877 Χ,
736 3823 804 3862 corr.
823 3806 876 3862 δελ
947 3812 980 3861 16
999 3807 1029 3862 ἐν
1051 3807 1120 3880 τοῖς]
1144 3808 1174 3864 ἐν
1191 3816 1240 3878 τῆς

233 3879 264 3934 A
336 3885 369 3934 17
387 3877 526 3951 γοργόναν
544 3879 583 3949 Χ,
602 3896 670 3934 corr.
689 3877 742 3933 δελ
812 3884 846 3933 26
865 3875 1005 3948 φαμηλίας
1022 3878 1054 3932 Χ

288 3980 372 4022 Imm
385 3977 421 4019 od.
434 3977 586 4021 Πρασιαὶ.
1065 3972 1081 4022 6
