3074 4598
660 516 864 580 PRAEFATIO
1188 520 1266 578 XVII

259 715 328 758 eum
345 694 397 769 IV,
412 695 452 755 89
476 692 547 753 inde
566 711 585 751 a
607 711 635 769 p.
657 690 770 764 137,5‚
790 688 842 750 ubi
860 690 940 752 inter
957 691 1070 753 codices
1087 689 1265 769 inmergine

259 785 379 844 notatos
399 782 428 842 B
455 781 556 843 omitti
583 798 644 839 non
671 777 780 837 debuit
825 776 845 855 ξ
869 780 887 838 6
912 806 954 830 =
976 779 1030 856 IV,
1049 782 1090 839 14
1117 798 1146 856 p.
1170 780 1264 855 aba:

258 872 343 933 cuins
366 873 497 930 extrema
519 888 587 929 oum
608 885 628 928 a
650 864 799 927 codicibus
816 869 993 931 recensionis
1009 870 1038 930 X
1054 867 1213 928 noemam
1229 871 1265 927 ut

257 978 327 1020 rere
348 957 494 1036 Lydiana,
522 974 648 1033 cumque
672 974 708 1014 ex
729 973 789 1015 uno
811 954 972 1034 eodemque
995 961 1115 1020 auctore
1139 956 1263 1033 exscrip-

256 1053 322 1108 tam
344 1065 406 1107 esse
432 1049 530 1107 totam
557 1042 666 1105 codicis
688 1042 715 1101 R
741 1044 961 1120 paragraphum
988 1049 1106 1122 pateat,
1134 1063 1193 1104 non
1216 1047 1262 1104 eat

257 1136 397 1212 dubium,
433 1135 508 1212 quin
540 1132 661 1194 initium
697 1148 814 1209 quoque
847 1130 1008 1195 Laurentio
1042 1133 1263 1196 attribuendum

255 1227 463 1303 integrumque
490 1223 523 1283 in
546 1221 707 1283 editionem
724 1219 765 1280 cit
781 1219 989 1297 recipiendum
1026 1221 1045 1300 ξ
1061 1228 1078 1285 7
1093 1220 1160 1306 περὶ
1177 1219 1262 1301 ἡλίου

255 1314 383 1391 denique
410 1312 558 1390 exscripta
585 1312 631 1370 est
652 1329 669 1370 e
690 1308 813 1384 111‚12‚
842 1307 894 1368 ubi
920 1308 1027 1370 codicis
1053 1311 1081 1370 B
1106 1312 1262 1373 lectionem

254 1403 287 1462 in
310 1404 458 1480 apparatu
481 1400 585 1462 addidi
608 1391 650 1481 (p.
675 1389 740 1480 53).
783 1415 880 1475 neque
902 1416 973 1458 vero
998 1399 1128 1460 alienam
1149 1400 1261 1463 alibro

255 1492 292 1551 de
314 1491 463 1571 mensibus
489 1488 659 1569 putaverim
681 1485 700 1563 ξ
726 1489 743 1545 1
767 1483 833 1568 περὶ
854 1485 1054 1567 βροομολίοντ
1080 1506 1151 1547 nam
1173 1488 1261 1550 etde

253 1580 301 1641 his
323 1579 486 1642 Laurentio
510 1576 669 1641 dicendum
691 1576 768 1652 erat,
800 1595 868 1637 oum
894 1575 1070 1636 describeret
1091 1575 1260 1639 Decembris

252 1669 364 1731 mensis
382 1669 443 1731 dies
466 1671 569 1745 festos,
592 1668 624 1727 et
645 1663 761 1725 dicendi
778 1683 880 1744 genus,
903 1665 983 1742 quod
999 1665 1032 1725 in
1049 1666 1105 1727 hoc
1124 1669 1260 1744 excerpto

253 1759 434 1836 observatur,
458 1778 527 1820 cum
548 1755 685 1835 Lydiano
706 1772 827 1832 prorsus
850 1772 1009 1834 congruere
1027 1755 1130 1816 statim
1153 1773 1259 1834 cogno·

253 1847 341 1908 veris.
378 1848 492 1908 accedit
513 1850 624 1922 eutem
646 1843 728 1923 quod
749 1847 852 1922 aperto
874 1863 954 1904 nexu
975 1845 1166 1923 coniungitur
1187 1844 1259 1907 haec

251 1935 457 2014 paragraphus
480 1955 549 1995 oum
570 1933 725 1994 Laurentii
752 1933 939 2012 fragmentis,
967 1953 1042 2011 quae
1069 1933 1108 1993 ad
1129 1934 1258 1995 Novem-

252 2023 337 2083 brem
360 2025 390 2082 et
410 2022 604 2083 Decembrem
632 2039 746 2082 menses
771 2024 919 2098 spectant:
947 2022 1038 2082 verba
1067 2023 1146 2083 euim
1171 2023 1258 2084 huius

251 2110 383 2188 excerpti
413 2108 573 2191 ἀργοῦντες
602 2099 657 2170 οὖν
685 2106 718 2169 τὸ
746 2107 883 2186 τηνικάδε
909 2108 942 2169 oi
965 2104 1099 2188 Ῥωμαῖοι
1127 2129 1187 2188 eqa.
1210 2131 1255 2171 re·

250 2200 323 2260 ferri
354 2202 438 2277 patet
469 2198 508 2258 ad
539 2218 568 2276 p.
593 2197 670 2274 168,
690 2197 730 2256 21
763 2193 821 2257 decb
853 2191 885 2256 δὲ
916 2205 969 2275 τῆς
998 2198 1257 2278 πεντεκαιδεκάτης

249 2296 304 2350 τοῦ
336 2287 506 2369 Νοεμβρίον
542 2282 640 2367 μέχρις
676 2282 746 2346 ὅλον
778 2292 831 2346 τοῦ
861 2285 1044 2366 Δεκεμβρίου
1079 2283 1191 2367 ἤργουν
1227 2289 1259 2349 οἱ

245 2370 382 2456 Ῥωμαῖοι
408 2379 477 2454 etc,
507 2380 538 2436 et
564 2374 596 2434 id
623 2373 704 2451 quod
729 2372 762 2432 in
786 2373 844 2434 fine
867 2378 1113 2435 commemoratur
1139 2371 1155 2436 ὅ
1177 2374 1256 2457 ch

249 2487 303 2539 νος
331 2462 371 2538 ὡς
400 2460 599 2547 ταρταρωθεὶς
630 2460 689 2524 tut
719 2469 772 2522 τοῦ
796 2459 883 2540 Διός,
914 2462 1008 2522 insius
1040 2464 1203 2540 explicatur
1223 2464 1256 2524 in

250 2554 444 2631 subsequenti
466 2551 606 2615 editionis
632 2550 819 2630 paragrapho
840 2549 976 2627 W,159.
1020 2571 1097 2629 quae
1124 2572 1190 2612 cum
1210 2552 1255 2613 ita

249 2643 361 2718 essent,
389 2641 521 2703 tribuere
550 2641 607 2702 hoc
634 2637 701 2721 cepi
731 2637 918 2721 βρονμολίων
946 2638 1145 2719 fragmentum
1171 2639 1254 2718 Lydo

248 2750 309 2792 non
341 2724 503 2807 dubitavi,¹
534 2730 567 2790 in
594 2729 754 2789 editionem
779 2727 876 2805 recepi
902 2730 939 2787 ut
966 2731 1042 2789 esset
1063 2729 1133 2788 libri
1155 2730 1255 2807 quarti

248 2818 268 2896 fi
294 2820 367 2895 158,
388 2839 416 2897 p.
441 2820 567 2896 173,18
591 2836 655 2895 sqq.

317 2907 448 2986 Oirmque
472 2907 569 2969 adhuc
591 2906 699 2983 omnia,
722 2908 871 2983 quotquot
893 2909 963 2966 sunt
982 2908 1088 2985 capitis
1107 2906 1205 2984 quinti
1221 2907 1254 2967 in

248 2997 348 3057 codice
366 2996 394 3055 R
415 2999 564 3074 excerpta,
586 2995 625 3055 ad
641 2994 758 3072 Lydum
777 2994 991 3071 rettulerim,
1011 2997 1177 3074 proximum
1200 3000 1253 3074 est,

246 3087 282 3145 ut
304 3084 336 3144 id
359 3086 437 3163 quod
464 3086 561 3146 solum
586 3086 682 3144 restat
707 3080 774 3165 περὶ
792 3079 906 3164 Ἴστρον
928 3093 981 3145 τοῦ
1002 3094 1135 3163 ποταμοῦ
1158 3085 1252 3145 eidem

247 3173 365 3233 auctori
390 3173 582 3233 vindicemus.
627 3172 680 3232 sed
705 3172 860 3248 quominus
883 3172 916 3232 id
942 3173 1086 3234 faciamus
1108 3192 1168 3234 uno
1189 3192 1252 3234 mo·

245 3263 348 3320 mento
379 3279 472 3338 eoque
508 3259 624 3320 affatim
654 3260 740 3338 gravi
769 3259 954 3337 impedimur.
1006 3263 1251 3322 commemoratur

246 3348 327 3408 enim
347 3348 379 3407 in
401 3348 457 3411 hoc
483 3350 616 3409 uaeutu
642 3347 729 3408 Nilus
758 3347 863 3408 fluvius
893 3348 1014 3425 eiusque
1045 3348 1249 3411 exundationis

245 3454 349 3513 causa,
371 3455 430 3514 qua
452 3437 489 3497 de
511 3456 544 3497 re
567 3437 598 3496 et
617 3435 681 3513 ipse
702 3437 879 3498 Laurentius
906 3437 1033 3514 amplior
1055 3441 1101 3498 est
1121 3439 1153 3498 in
1174 3438 1250 3499 libro

245 3524 281 3584 de
304 3524 453 3586 mensibus
476 3524 521 3584 IV
544 3524 564 3603 ξ
588 3525 664 3599 107;
693 3523 736 3583 ibi
765 3543 829 3584 eam
857 3545 956 3587 mense
985 3525 1062 3587 Iulio
1091 3526 1156 3587 fieri
1178 3526 1250 3587 dicit

245 3617 362 3690 auctor,
397 3614 451 3692 qui
486 3612 667 3674 enumeratis
701 3614 898 3690 plurimorum
933 3615 1065 3675 virorum
1096 3616 1249 3676 doctorum

320 3816 510 3874 ¹Coneentire
531 3816 649 3872 mohac
670 3816 701 3872 in
722 3833 753 3872 re
770 3816 851 3874 rideo
875 3833 936 3872 cum
955 3816 1102 3875 Francisco
1121 3819 1247 3889 comens,

243 3888 312 3944 Rev.
332 3888 366 3944 de
384 3888 481 3960 philol.
501 3888 565 3944 xxi
584 3893 652 3943 racc
670 3906 698 3960 p.
717 3893 768 3943 τοο
785 3907 812 3945 n.
832 3893 855 3943 1.

296 3987 380 4030 Iernos
393 3988 428 4029 ed.
441 3986 592 4030 Wuenseh.
1069 3978 1089 4033 b
