3074 4598
272 494 314 560 98
380 444 381 448 Ν
534 483 1022 564 ποντοπορευέμεναι

235 659 364 746 ὃδρον,
392 659 429 737 ὃς
453 659 488 725 ἐκ
511 667 571 724 τοῦ
592 658 699 743 πυρὸς
721 639 810 723 εἶναι
822 647 908 726 ’τόδε
929 662 966 727 τὸ
991 670 1057 726 πᾶν
1078 659 1291 746 ἀπεφήνατο,

269 764 325 832 καί
349 754 406 832 διά
423 775 522 832 τοῦτο
539 761 621 848 πυρὶ
639 765 876 849 παραδοθῆναι
893 768 976 854 πρὸς
993 777 1059 848 τῶν
1076 764 1223 851 ἀρχαίων
1242 768 1289 833 τὰ

264 874 417 959 σώματα·
444 872 465 955 ή
488 868 675 946 κατάιῧτοὺς
698 871 886 956 Στωικούς,
914 877 949 939 οἳ
973 873 1161 957 καθολικὴν,
1183 873 1286 940 έιατύ-
1325 947 1328 954 ,

270 997 376 1066 ριοσιν
406 973 625 1062 ἀναμένοντες
653 973 930 1064 προαπετέφρουν
958 984 1036 1060 τοὺς
1056 981 1287 1063 θνήσκοντας·

230 1111 254 1152 ιι
267 1091 381 1174 πολλῷ
409 1084 473 1170 γάρ
499 1084 715 1172 πρεσβυτάτῳ
742 1094 811 1148 τῶν
834 1081 871 1147 έν
896 1092 1078 1175 φιλοσοφία
1103 1087 1284 1172 δογμάτων

267 1191 288 1275 ή
312 1189 449 1275 τοιαύτη
472 1200 541 1256 τῶν
563 1191 724 1276 στομάτων
746 1189 1020 1273 άναστοιχείωσις.
1064 1196 1143 1272 τοὺς
1164 1191 1284 1280 μέντοι

268 1297 409 1375 ὀδόντας
439 1297 501 1364 οὐκ
529 1300 665 1382 ἔχοντας
694 1296 828 1383 φύσεως
855 1295 876 1381 ἢ
902 1296 984 1383 πυρὶ
1009 1299 1030 1383 ή
1057 1302 1165 1389 χρόνῳ
1192 1311 1282 1385 γοῦν

266 1414 382 1495 μακρῷ
408 1409 723 1488 καταναλίσκεσθαι,
739 1399 995 1488 Ικατελίμπανον
1021 1403 1070 1471 ἐπ’
1093 1407 1194 1491 αὐτῆς
1219 1419 1281 1494 τῆς

265 1523 374 1599 πυρᾶς
397 1513 442 1590 ὡς
464 1514 502 1578 τὸ
530 1512 649 1577 λοιπὸν
676 1512 862 1598 ἀχρήστους
887 1511 970 1597 πρὸς
995 1511 1054 1576 τὸν
1080 1520 1138 1595 της
1158 1518 1280 1597 παλιγ-

226 1645 253 1686 ιο
267 1624 417 1700 γενεσίοις
439 1620 541 1700 λόγον
568 1616 825 1700 ἀποβλέποντες·
848 1618 982 1704 σφόδρα
1007 1618 1071 1702 γάρ
1097 1615 1154 1682 καλ
1180 1617 1279 1685 αὐτοὶ

150 1737 165 1765 ·.
265 1725 326 1790 τὸν
345 1722 428 1809 περὶ
456 1723 558 1806 αὐτῆς
583 1722 806 1809 παρεδέχοντο
834 1724 935 1806 λόγον
961 1724 1018 1790 διά
1044 1723 1080 1788 τὸ
1106 1718 1207 1802 αὖθις
1223 1725 1279 1804 ὡς

265 1829 373 1895 ἐδόκει
390 1831 719 1915 παλιγγενησόμενον
737 1831 981 1916 ἄνθρωπονμὴ
998 1827 1128 1917 χρῄζειν
1146 1829 1199 1897 ἐπὶ
1217 1841 1278 1917 τῆς

263 1934 417 2023 μητρῴας
439 1936 581 2022 γαστρὸς
605 1936 765 2002 ὀδόντων.
1257 2008 1260 2013 ,

222 2053 250 2108 Y
330 2042 382 2108 41.
394 2040 465 2108 Ὅτι
480 2044 541 2109 οὔκ
550 2045 636 2108 εἰσιν
645 2042 780 2130 ἀστέρες
789 2048 970 2131 κακοποιοί,
984 2045 1067 2112 ἀλλὰ
1075 2046 1195 2123 πάντες
1203 2056 1331 2115 ersszs

223 2175 249 2218 τι
263 2147 401 2233 ἀγαθοί·
429 2148 500 2216 ἀλλ’
524 2149 594 2216 ἐπεὶ
620 2149 698 2218 καθ’
722 2150 887 2237 ἁρμονίαν
915 2152 952 2218 τὸ
977 2163 1045 2219 πᾶν
1071 2158 1275 2239 συνίσταται,

264 2257 297 2334 ολ
314 2253 377 2341 μὲν
395 2256 507 2323 αὐτῶν
525 2258 588 2323 εἰσι
606 2256 711 2344 ξηροί,
733 2258 766 2323 ολ
785 2253 823 2323 δὲ
841 2259 1068 2345 ὑγραίνουσιν,
1086 2258 1119 2323 οἱ
1137 2253 1175 2323 δὲ
1193 2260 1274 2325 ἄλλο

262 2387 295 2428 τι
324 2366 439 2448 ἔχουσι
468 2365 552 2451 πρὸς
580 2366 638 2441 τὰς
669 2366 803 2452 κράσεις
835 2364 957 2430 αὐτῶν·
988 2367 1104 2432 τοίνυν
1136 2364 1274 2430 δοκοῦσι

261 2470 423 2554 βλάπτειν
444 2472 526 2536 κατά
549 2472 609 2554 τήν
636 2470 823 2558 ἐνέργειαν,
851 2470 891 2536 οὐ
913 2474 994 2537 κατά
1016 2472 1077 2554 τήν
1098 2473 1274 2555 πρόθεσιν,

261 2574 317 2640 καὶ
340 2577 392 2642 ὅτι
415 2578 473 2653 τὰς
496 2577 657 2663 ἀκράτους
680 2578 793 2643 αὐτῶν
816 2577 920 2644 ένίοτε
937 2579 1095 2664 δυνάμεις
1113 2577 1174 2662 οὐχ
1191 2578 1274 2643 ὑπο-

138 2717 139 2720 “
221 2709 248 2749 ιο
261 2680 405 2766 μένοντα
423 2685 472 2748 4τά
500 2682 538 2748 έν
564 2693 603 2768 τη
630 2694 672 2770 γῇ
700 2686 918 2768 βλάπτονται,
949 2686 993 2762 ὡς
1018 2683 1073 2750 καὶ
1101 2683 1273 2768 ὀφθαλμοὶ

238 2839 241 2844 ,
260 2787 326 2852 ὑπὸ
350 2790 577 2874 σφοδρότητος
599 2792 717 2872 φωτός.

166 2903 247 2961 XHS
328 2892 380 2957 42.
399 2894 494 2957 Κατδι
509 2888 545 2957 δέ
559 2892 620 2974 τήν
633 2895 769 2978 πρώτην
782 2903 843 2959 τοῦ
852 2899 1006 2981 Μαρτίου
1019 2894 1237 2982 μηνὸςἬραν
1246 2907 1329 2964 1V29

261 2994 382 3080 ἐτίμων
405 2995 509 3062 οἱονεὶ
532 2997 593 3079 τήν
615 3002 758 3082 σελήνην
782 3000 840 3063 διά
862 3000 922 3083 τήν
940 3005 1132 3085 νεομηνίαν·
1155 3001 1280 3087 ἀνεκή-Ι

220 3134 247 3175 24
262 3102 358 3187 ρυττε
382 3098 419 3167 δέ
442 3103 461 3168 ὁ
487 3104 594 3185 ἱερεὺς
621 3113 741 3188 χρῆναι
767 3104 903 3188 γλυκέσι
928 3109 1055 3192 πόματί
1079 3131 1114 3173 τε
1140 3108 1195 3175 καὶ
1223 3128 1272 3176 σι-

218 3224 246 3279 -X
260 3212 345 3284 τίοις
366 3214 513 3293 χρῆσθαι
537 3208 684 3286 ἅπαντας
707 3213 791 3296 πρὸς
810 3214 960 3296 φυλακήν
977 3214 1098 3296 ὑγείας.
1136 3214 1272 3282 έκίνουν

260 3311 298 3379 δὲ
320 3316 360 3379 τά
384 3315 471 3379 ὅπλα
486 3312 637 3397 Ῥωμαῖοι
662 3314 715 3380 ἐπὶ
739 3327 785 3404 τῷ
808 3328 869 3383 τοῦ
881 3317 1119 3408 Ἅρεοςπεδίφ
1140 3322 1161 3406 ἣ
1179 3323 1270 3408 τεμέ-

330 3504 355 3540 v.
371 3493 387 3540 3
408 3484 496 3540 stoici
517 3484 551 3539 ef.
571 3485 647 3541 Diels
666 3487 786 3560 Doxogr.
806 3508 847 3561 gr.
860 3497 927 3546 468·
940 3499 956 3548 8
967 3511 1026 3562 sqq.

283 3713 285 3718 Ι
323 3644 355 3698 ι.
372 3648 387 3697 6
407 3642 596 3715 πρεσβύτατον
620 3644 654 3699 οἱ.
679 3645 730 3701 Gu.
750 3647 830 3703 Kroll
918 3659 951 3707 19
973 3650 1105 3721 δυνάμεις
1128 3652 1215 3710 ἐνίοτε
1239 3656 1272 3710 F

261 3711 503 3782 λλφαιδρότητος
516 3713 547 3767 F
615 3721 648 3769 22
668 3716 699 3771 ἐν
716 3727 750 3787 τη
773 3721 866 3789 πρώτη
890 3719 940 3778 οὖν
962 3725 1060 3779 τούτου
1083 3724 1268 3794 ἀνεκήρυττεν

260 3783 275 3838 δ
295 3783 385 3852 ἱερεὺς
402 3792 504 3853 χρῆναι
522 3800 578 3852 οηε.
597 3785 632 3838 H
634 3829 641 3853 ‚
666 3784 708 3841 δτι
728 3790 800 3843 κατὰ
818 3790 870 3860 τὴν
883 3824 917 3834 -
932 3793 1076 3866 λδὺγελας
1099 3799 1151 3852 oet.
1170 3796 1227 3852 des.
1247 3799 1271 3854 S

261 3858 296 3908 28
314 3852 444 3922 ἐκήρυττε
463 3853 496 3908 Χ
565 3860 598 3909 25
618 3853 730 3913 ἐκίνουν
744 3891 780 3900 -
794 3867 828 3915 26
846 3861 949 3932 τεμένει
967 3866 1044 3920 omis.
1058 3867 1094 3920 H
1117 3909 1120 3914 -
