3074 4598
253 466 344 523 XXIV
655 464 860 522 PRAEFATIO

251 634 437 711 fluminibus,
467 635 524 696 inc.
558 633 574 697 ὁ
607 633 703 716 ἴστρος
735 631 751 697 ὁ
781 629 910 712 ποταμός
940 631 961 691 f.
989 633 1078 691 442¹.
1122 629 1264 710 anonymi

252 725 454 805 fragmentum
482 726 518 785 de
547 723 663 784 bisesto
694 721 814 804 (τὸτοῦ
841 711 987 802 derigere)
1015 720 1146 782 i443‘.
1193 740 1262 782 ano-

251 815 336 892 nymi
367 817 530 875 montetum
563 811 599 872 de
632 812 823 891 generatione
855 812 885 870 et
916 807 1103 885 corruptione
1135 810 1262 871 hominis

251 897 297 980 (rb
319 900 435 983 σπέρμα
461 899 494 962 ἐν
520 910 558 986 τῇ
585 894 693 985 μήτρᾳ)
720 902 741 961 f.
765 902 857 960 443'.
901 897 1072 958 Aristotelis
1098 902 1129 958 et
1156 897 1263 960 Galeri

250 991 420 1070 tegmenta
442 990 478 1049 de
500 991 646 1067 metallis,
675 1009 751 1068 quae
772 987 959 1066 reperiuntur
980 986 1014 1045 in
1036 985 1131 1064 Cypro
1153 986 1262 1063 insula,

251 1080 271 1139 f.
286 1074 384 1139 4441'
398 1078 476 1138 unde
495 1082 630 1157 apparet,
651 1081 800 1139 mutatum
818 1095 880 1136 esse
897 1075 931 1134 in
948 1075 1004 1135 hoc
1017 1075 1115 1136 codice
1129 1076 1262 1137 ordinem

250 1168 486 1245 fragmentorum
508 1187 527 1229 a
549 1168 674 1246 reliquis
697 1169 847 1228 serratum
870 1166 900 1222 et
927 1163 1037 1225 omissa
1063 1183 1098 1226 ea
1124 1184 1200 1243 quae
1223 1166 1260 1225 de

251 1253 416 1317 Octaviano
451 1257 589 1337 Angusto
626 1259 798 1330 narrantiu3
839 1255 968 1313 ceterum
1004 1255 1104 1313 tamen
1137 1272 1259 1331 prorsus

250 1363 317 1404 cnm
337 1344 376 1407 iis
400 1365 474 1423 quos
496 1347 584 1408 modo
608 1343 844 1406 enumeravimus
867 1341 1015 1403 codicibus
1038 1341 1190 1403 consentit.

317 1435 346 1494 6.
381 1434 570 1495 Parisinus
611 1452 760 1514 graecus
794 1433 877 1494 1766
915 1432 1085 1491 chartaceus
1116 1448 1138 1490 s.
1170 1430 1258 1491 XVII

249 1521 270 1580 f.
293 1516 359 1583 434
389 1522 491 1583 eadem
521 1522 654 1585 continet
682 1541 759 1600 quae
787 1519 855 1581 Par.
882 1541 925 1599 gr.
954 1520 1053 1594 1310,
1080 1537 1096 1578 e
1123 1538 1181 1595 quo
1210 1539 1259 1579 ex·

251 1610 378 1687 scriptus
402 1614 454 1672 est

313 1699 416 1777 Atque
438 1699 512 1760 haec
533 1699 596 1759 ism
618 1697 782 1773 sufficiant,
805 1696 941 1774 quamvis
963 1693 1074 1756 infitias
1097 1714 1155 1755 non
1178 1713 1252 1772 eam,

249 1784 380 1847 eiusdem
397 1788 513 1867 generis
532 1790 652 1865 praeter
668 1786 722 1846 hos
741 1784 885 1863 plurimos
900 1787 1000 1845 extare
1018 1784 1050 1844 in
1067 1783 1253 1845 bibliothecis

248 1873 375 1952 codices,
407 1894 535 1952 quorum
565 1875 725 1953 praecipue
752 1873 775 1934 ii
806 1874 838 1934 in
869 1892 990 1935 censum
1019 1875 1090 1935 sunt
1118 1874 1253 1950 vocandi,

248 1981 323 2040 quos
349 1963 555 2025 Krumbacher
581 1965 687 2024 attulit
713 1964 733 2023 l.
757 1981 793 2039 s.;
824 1963 884 2024 illis
916 1964 1008 2023 etiem
1034 1962 1253 2024 Laurentianus

247 2049 323 2128 plut.
345 2051 390 2112 IV
410 2055 451 2114 10
474 2071 496 2114 s.
516 2053 561 2113 XI
583 2053 734 2114 addendus
758 2055 812 2128 est
834 2051 870 2112 de
894 2072 953 2130 quo
972 2053 1138 2113 accuratius
1157 2072 1254 2130 nuper

246 2140 366 2200 rettulit
387 2140 550 2222 Rostsguo‚
574 2141 662 2202 Studi
684 2141 750 2202 ital.
773 2141 803 2201 di
825 2141 896 2203 filcl
915 2141 943 2199 V
963 2161 993 2218 p.
1014 2144 1085 2217 100,
1107 2141 1160 2218 qui
1184 2140 1252 2201 inde

247 2227 304 2288 af.
323 2230 405 2291 300²
427 2231 546 2292 exhibet
567 2232 715 2291 tractatus
738 2230 775 2289 de
792 2228 915 2306 bisexto,
939 2228 975 2289 de
995 2231 1183 2309 generatione
1201 2230 1253 2290 ho·

246 2315 343 2393 minis,
357 2318 393 2377 de
407 2322 553 2395 quattuor
566 2318 698 2396 paradisi
711 2317 893 2394 fluminibus,
906 2317 942 2377 de
952 2317 1065 2396 origine
1074 2317 1253 2377 indictionis.

246 2403 298 2464 sed
321 2405 357 2465 de
379 2405 436 2467 hoc
458 2407 665 2484 similibusque
693 2405 855 2482 codicibus,
883 2425 957 2483 quos
979 2405 1043 2483 ipse
1065 2423 1124 2465 non
1147 2406 1254 2482 evolvi,

248 2491 325 2552 nihil
347 2495 478 2571 amplius
499 2514 567 2557 sum
590 2495 756 2555 additurus.

103 2603 225 2647 rmum·
313 2582 419 2660 Neque
441 2603 512 2645 vero
539 2583 699 2644 coniuncta
725 2601 840 2660 semper
866 2582 1029 2643 traduntur
1053 2583 1125 2644 haec
1146 2583 1256 2660 capitu,

114 2658 234 2701 ‘mii
248 2668 299 2729 sed
325 2671 476 2731 interdum
502 2691 599 2731 unum
630 2671 794 2730 alterumve
826 2671 960 2731 avolsum
987 2673 1018 2731 et
1044 2673 1214 2749 separatum
1236 2691 1256 2732 a

246 2757 370 2835 reliquis
399 2759 561 2836 reperitur,
593 2758 626 2817 id
657 2758 738 2835 quod
769 2759 887 2835 saepius
915 2760 1014 2819 evenit
1040 2761 1255 2837 computationi

246 2845 291 2905 illi
313 2846 429 2905 dierum
452 2847 639 2925 singulorum
662 2866 678 2904 e
698 2845 840 2904 Kalendis
858 2846 952 2906 Nonis
970 2846 1072 2906 Idibus
1089 2847 1255 2925 institutae,

246 2933 295 2992 oni
317 2932 483 2992 inscribunt
504 2931 572 3012 περὶ
593 2929 741 3013 disticon,
764 2951 840 3008 quae
863 2952 887 2992 e.
910 2953 938 3011 g.
960 2935 1128 3009 praemissis
1149 2937 1254 3011 paucis

246 3020 305 3081 illis
338 3021 374 3080 de
401 3020 540 3100 Augusto
570 3024 601 3081 et
628 3020 794 3098 Septembri
820 3021 969 3082 mensibus
997 3021 1061 3082 sola
1086 3022 1197 3102 legitur
1222 3024 1254 3084 in

246 3108 344 3169 codice
363 3108 566 3171 Laurentiano
584 3108 697 3186 LVIII,
717 3111 759 3170 24
778 3127 853 3169 saec.
871 3109 942 3170 XIV
963 3109 984 3169 f.
1001 3112 1091 3188 126'‚
1114 3131 1203 3188 quem
1221 3112 1253 3172 in

245 3216 334 3258 usum
365 3217 464 3257 meum
494 3198 621 3277 benigne
652 3198 782 3276 inspexit
811 3197 937 3259 Ioannes
969 3195 1102 3259 (irreven
1131 3200 1252 3261 amicus.

244 3285 298 3346 sed
320 3304 389 3346 cum
409 3285 490 3345 hunc
515 3289 680 3346 tractatum
704 3285 840 3365 plerique
868 3287 980 3347 codices
1007 3305 1067 3347 non
1093 3307 1128 3348 ex
1149 3288 1254 3349 eodem

245 3374 328 3435 fonte
359 3374 554 3451 repetiverint
585 3394 601 3433 e
633 3393 692 3451 quo
715 3374 756 3451 R,
783 3375 873 3435 immo
903 3374 1053 3453 pendeant
1082 3395 1117 3436 ex
1143 3395 1179 3436 ea
1208 3397 1252 3438 re·

246 3463 381 3523 censione
408 3461 478 3522 libri
504 3462 634 3539 Lydiaui
661 3482 753 3540 quam
780 3463 906 3523 coniecit
926 3463 1074 3524 Maximus
1094 3463 1252 3543 Planudes‚

245 3569 304 3611 non
326 3550 388 3626 hic,
411 3549 462 3610 sed
484 3551 576 3628 paulo
599 3551 678 3610 infra
705 3552 741 3609 de
767 3550 829 3610 illis
855 3551 1004 3612 codicibus
1032 3552 1145 3613 dicendi
1167 3555 1251 3616 locus

245 3638 309 3699 erit
341 3638 398 3699 hoc
416 3642 537 3699 tantum
554 3657 672 3698 monere
690 3639 788 3715 liceat
807 3640 925 3717 saepius
947 3641 1079 3701 virorum
1096 3642 1250 3704 doctorum

246 3727 424 3788 coniecturis
447 3730 478 3787 et
500 3727 675 3788 correcturis
697 3729 787 3788 huius
813 3730 960 3789 mactatus
987 3727 1079 3789 rerba
1104 3734 1134 3790 et
1161 3752 1252 3792 enun-

244 3814 390 3876 tiatorum
410 3817 655 3893 compositionem
677 3816 751 3876 adeo
773 3819 891 3878 mutata
913 3835 985 3893 esse,
1006 3821 1042 3878 ut
1058 3816 1253 3881 Laurentium
