3074 4598
244 476 336 533 XXVI
646 474 853 531 PRAEFATIO

245 646 326 708 cordi
355 647 427 724 fuit,
456 645 546 707 hodie
576 662 694 720 quoque
724 641 945 720 dissereremus,
975 645 1032 704 nisi
1059 647 1142 708 vario
1168 647 1259 709 modo

243 736 400 814 inscriptio
424 736 488 796 eius
510 732 624 792 tradita
646 736 732 792 esset.
773 750 844 791 nam
866 735 986 809 praeter
1007 732 1074 795 illos
1097 736 1257 814 oodiues,a'

245 826 352 903 quibus
381 827 417 885 ut
446 843 465 883 a
488 821 588 882 codiee
611 819 638 878 R
659 815 721 879 una
751 839 818 879 oum
846 820 969 897 reliquis
992 821 1145 884 Laurentii
1161 817 1256 906 ¹frag-

242 915 351 976 mentis
374 913 438 974 sine
462 911 524 970 ullo
548 909 676 969 austeris
699 909 819 967 nomine
847 911 999 988 generatio
1020 911 1147 974 hominis
1171 925 1256 974 enar*

242 1007 337 1080 ratur,
351 1003 404 1062 alii
418 1001 497 1076 sunt
510 999 544 1058 in
563 995 669 1076 quibus
687 996 767 1057 solus
785 1016 840 1074 per
856 1016 887 1058 se
906 1003 1043 1060 exaratum
1057 1001 1097 1062 sit
1109 1003 1256 1064 tractatus

241 1092 293 1153 ille
321 1093 351 1150 et
378 1088 567 1150 adscribatur
592 1086 624 1145 in
651 1085 786 1164 margine
820 1087 949 1148 auctoris
982 1107 1088 1150 nomen
1119 1093 1258 1153 Σπλινοῦ

242 1174 302 1262 (ita
328 1179 424 1257 Neap.
446 1177 479 1238 Π
507 1176 530 1238 O
554 1171 610 1253 33)
642 1175 692 1234 rel
719 1174 877 1253 Σττληνίου
909 1177 1076 1257 φιλοσόφου
1108 1171 1255 1261 (Vindob.

240 1267 331 1330 theol.
356 1259 445 1350 207),
469 1268 523 1328 aut
544 1263 695 1345 Λιβανίου
718 1262 897 1342 φιλοσόφου
910 1259 990 1343 (Par.
1012 1287 1056 1345 gr.
1074 1260 1175 1351 2894)
1199 1273 1255 1330 aut

242 1357 370 1435 denique
406 1349 550 1418 Ἰωάννου
591 1361 644 1414 τοῦ
680 1355 882 1431 Δαμασκηνοῦ
923 1350 1049 1430 (Monac.
1085 1375 1128 1433 gr.
1165 1351 1255 1440 498),

219 1455 368 1524 vquorum
396 1447 485 1524 longe
515 1442 688 1522 saepissime
718 1443 846 1503 occurrit
871 1441 1027 1522 Σντληνίου
1056 1462 1176 1521 nomen,
1207 1447 1254 1507 ita

240 1538 275 1595 ut
303 1535 416 1612 Spleuie‘
444 1534 494 1595 vel
523 1533 632 1609 Splo'oii
663 1550 772 1591 nomen
807 1531 949 1610 adeptum
983 1531 1024 1591 sit
1051 1532 1253 1610 fragmentum

239 1624 316 1684 illud
341 1624 421 1685 inter
446 1623 527 1684 viros
555 1622 665 1682 doctos.
711 1621 802 1697 atque
827 1621 884 1682 hoo
910 1621 1031 1698 quidem
1056 1631 1162 1680 nomen
1190 1640 1257 1681 oor-¹

238 1716 363 1791 ruptum
391 1730 455 1773 esse
481 1729 518 1771 ex
540 1709 571 1771 S.
597 1710 717 1770 Plinius
742 1728 797 1786 pro
827 1709 858 1770 0.
885 1709 1003 1770 Plinius
1030 1709 1154 1770 oonieeit
1180 1710 1254 1770 olim

240 1800 417 1862 Lambeeius
450 1791 574 1885 (comm.
602 1798 639 1858 de
669 1797 741 1859 bibl.
773 1797 855 1859 Caes.
886 1798 924 1875 V,
952 1790 1022 1881 26);
1054 1799 1148 1860 denuo
1178 1799 1254 1862 haee

240 1890 376 1967 quaestio
395 1891 479 1950 mota
497 1891 552 1967 est,
575 1907 643 1949 oum
659 1888 695 1948 E.
708 1886 812 1949 Rohde
830 1887 957 1948 eundem
973 1890 1135 1949 tractatum
1152 1887 1254 1950 ederet

239 1998 255 2038 e
274 1977 374 2040 oodioe
391 1978 566 2040 Vaticano
586 1995 713 2057 graeco
733 1979 774 2037 12
793 1977 825 2037 in
843 1977 928 2039 Actis
947 1996 1004 2038 soe.
1022 1978 1122 2055 philol.
1141 1977 1253 2056 LipsI

238 2087 267 2145 p.
292 2070 348 2143 283
375 2067 540 2129 dissensere
568 2066 673 2128 deinde
700 2066 737 2126 de
769 2067 942 2144 explicando
974 2068 1091 2127 nomine
1121 2066 1155 2127 L.
1178 2063 1258 2128 nin-²

239 2155 349 2219 dorfius
373 2152 490 2235 (Jahrb.
507 2160 591 2219 1871
611 2147 781 2240 p.=331)ot
798 2157 862 2234 ipse
879 2155 1012 2218 Rohdius
1032 2150 1147 2240 (Jahrb.
1164 2158 1249 2218 1871

237 2265 266 2323 p.
282 2249 355 2307 577.
374 2248 441 2306 Aet
456 2265 514 2308 soe.
528 2246 601 2323 phil.
615 2245 697 2323 Lips.
711 2245 749 2320 V,
759 2238 847 2326 306),
865 2248 931 2304 tum
952 2245 1047 2305 unius
1064 2245 1252 2322 disputatum

238 2336 284 2394 est
306 2333 343 2394 de
366 2355 401 2397 eo
424 2334 496 2395 aa.
519 2333 684 2411 Foerstero‚
705 2334 725 2393 1.
745 2352 766 2394 s.
780 2354 810 2412 p.
825 2336 899 2409 218,
922 2333 975 2411 qui
997 2352 1062 2393 eam
1084 2333 1252 2410 explicandi

236 2423 317 2482 viam
338 2423 489 2502 ingressus
509 2425 563 2500 est,
585 2426 621 2483 ut
638 2425 768 2484 sumeret
785 2422 967 2500 exscriptum
984 2441 1046 2482 esse
1065 2422 1213 2500 quondam
1232 2443 1249 2483 e

237 2509 399 2573 Laurentio
426 2514 592 2573 tractatum
618 2512 704 2572 illum
730 2509 796 2593 περὶ
817 2507 970 2593 γενέσεως,
997 2511 1078 2572 ouius
1101 2512 1196 2572 verbis
1221 2512 1254 2573 οἵ

235 2597 291 2678 τὴν
314 2597 447 2679 φυσικὴν
469 2600 600 2682 ἱστορίαν
622 2599 841 2682 συγγράφοντες
859 2631 902 2643 -
920 2600 969 2661 vel
987 2601 1022 2659 ut
1038 2619 1115 2660 nuno
1132 2600 1250 2677 plenius

235 2687 347 2767 legitur
369 2688 401 2750 οἱ
415 2696 475 2749 τῶν
488 2682 638 2769 Ῥωμαίων
656 2687 712 2766 τὴν
729 2687 861 2766 φυσικὴν
879 2688 1010 2771 ἱστορίαν
1029 2688 1257 2770 συγγράφοντες

235 2796 264 2853 p.
285 2776 398 2851 84,14
421 2809 459 2820 -
482 2795 501 2836 a
524 2778 615 2837 sciolo
643 2776 773 2853 quodam
795 2777 978 2853 adscriptum
1000 2777 1093 2837 εἰσίοι
1113 2777 1251 2855 margine

235 2865 425 2926 nomenoius
450 2884 539 2942 quem
561 2864 658 2924 medio
682 2883 755 2925 aero
778 2883 927 2924 summurn
947 2866 1130 2924 naturalium
1149 2875 1251 2925 rerum

235 2954 389 3013 auctorem
406 2952 565 3030 putabant,
583 2950 748 3028 ΙἨλινίου,
767 2954 821 3010 aut
838 2954 873 3011 ut
890 2953 955 3011 tum
973 2952 1097 3012 seribere
1112 2952 1248 3013 solebant

234 3040 406 3119 ΓΠληνίου.
437 3044 557 3101 mutato
571 3039 676 3100 deinde
684 3039 801 3099 incuria
812 3039 1024 3100 librarioruurn
1035 3040 1132 3119 prima
1145 3040 1251 3102 littera

233 3129 402 3207 ΣΠληνίου
416 3148 480 3191 esse
495 3131 603 3204 ortum,
617 3128 696 3206 quod
709 3147 817 3189 nornen
826 3147 894 3189 oum
907 3131 1077 3206 corruptum
1087 3147 1149 3189 esse
1158 3130 1248 3190 intel·

233 3219 348 3297 legeret
360 3218 492 3279 Parisini
506 3217 614 3278 codicis
629 3221 740 3294 auctor,
753 3218 884 3278 mutavit
896 3217 929 3277 in
942 3216 1102 3297 Λιβανίον,
1116 3218 1193 3277 unde
1202 3217 1248 3295 fit,

234 3311 271 3368 ut
287 3307 336 3367 hio
354 3309 502 3368 macutus
527 3307 619 3367 etiam
635 3305 714 3366 inter
731 3305 851 3367 Libanii
868 3307 1036 3386 fragmenta
1053 3309 1187 3383 receptus
1206 3307 1254 3367 sit

233 3396 298 3456 sine
316 3395 447 3457 auctoris
465 3387 618 3456 nomine:1
634 3395 754 3455 Ioannis
768 3395 946 3455 Damaseeni
959 3414 1030 3456 vero
1044 3413 1149 3456 nomon
1163 3413 1246 3457 mero

234 3483 348 3544 scribae
371 3483 526 3545 cuiusdam
549 3483 673 3544 arbitrio
695 3482 795 3545 deberi
818 3484 959 3561 opinator
979 3483 1188 3544 Krumbaoher.

300 3572 401 3650 Atque
432 3570 582 3635 Foersteri
616 3571 735 3649 quidem
766 3572 933 3649 explicandi
962 3573 1039 3633 ratio
1071 3570 1110 3632 ad
1140 3592 1246 3633 verum

308 3779 317 3812 ¹
335 3778 388 3834 hoo
406 3778 437 3834 in
454 3777 552 3834 oodioe
566 3775 725 3833 Parisino
767 3793 866 3833 raeco
885 3782 954 3834 1000
973 3795 994 3832 a.
1008 3776 1059 3833 XV
1076 3776 1095 3832 f.
1111 3783 1178 3832 170*
1196 3792 1243 3833 ac·

233 3849 336 3906 cidisse
354 3849 476 3921 benigne
494 3865 540 3904 me
559 3847 669 3904 monuit
685 3848 719 3904 R.
760 3852 872 3906 oenter.
