<?xml version="1.0" encoding="UTF-8"?>
<!DOCTYPE html PUBLIC "-//W3C//DTD XHTML 1.0 Transitional//EN"
    "http://www.w3.org/TR/xhtml1/DTD/xhtml1-transitional.dtd">
<html xmlns="http://www.w3.org/1999/xhtml" xml:lang="en" lang="en">
 <head>
  <title>
</title>
<meta http-equiv="Content-Type" content="text/html;charset=utf-8" />
  <meta name='ocr-system' content='tesseract 3.04.00' />
  <meta name='ocr-capabilities' content='ocr_page ocr_carea ocr_par ocr_line ocrx_word'/>
</head>
<body>
  <div class='ocr_page' id='page_1' title='image "./ioannislaurenti00wuengoog_0072.png"; bbox 0 0 3074 4598; ppageno 0'>
   <div class='ocr_carea' id='block_1_1' title="bbox 663 518 1274 576">
    <p class='ocr_par' dir='ltr' id='par_1_1' title="bbox 663 518 1274 576">
     <span class='ocr_line' id='line_1_1' title="bbox 663 518 1274 576; baseline -0.003 0"><span class='ocrx_word' id='word_1_1' title='bbox 663 518 871 576; x_wconf 76' lang='lat' dir='ltr'><strong>PRAEFATIO</strong></span> <span class='ocrx_word' id='word_1_2' title='bbox 1187 520 1274 575; x_wconf 85' lang='lat' dir='ltr'>LXIII</span> 
     </span>
    </p>
   </div>
   <div class='ocr_carea' id='block_1_2' title="bbox 376 688 1273 929">
    <p class='ocr_par' dir='ltr' id='par_1_2' title="bbox 376 688 1273 929">
     <span class='ocr_line' id='line_1_2' title="bbox 377 688 1273 766; baseline 0 -16"><span class='ocrx_word' id='word_1_3' title='bbox 377 690 517 765; x_wconf 78' lang='lat' dir='ltr'>schedae,</span> <span class='ocrx_word' id='word_1_4' title='bbox 548 691 702 766; x_wconf 89' lang='lat' dir='ltr'><strong>receptum</strong></span> <span class='ocrx_word' id='word_1_5' title='bbox 728 689 806 750; x_wconf 89' lang='lat' dir='ltr'><strong>illud</strong></span> <span class='ocrx_word' id='word_1_6' title='bbox 831 708 893 750; x_wconf 91' lang='lat' dir='ltr'><strong>non</strong></span> <span class='ocrx_word' id='word_1_7' title='bbox 923 707 984 750; x_wconf 89' lang='lat' dir='ltr'><strong>osse</strong></span> <span class='ocrx_word' id='word_1_8' title='bbox 1011 688 1142 750; x_wconf 88' lang='lat' dir='ltr'><strong>affirmat</strong></span> <span class='ocrx_word' id='word_1_9' title='bbox 1167 689 1273 750; x_wconf 85' lang='lat' dir='ltr'><strong>Ericus</strong></span> 
     </span>
     <span class='ocr_line' id='line_1_3' title="bbox 376 777 1271 854; baseline 0 -16"><span class='ocrx_word' id='word_1_10' title='bbox 376 778 538 839; x_wconf 88' lang='lat' dir='ltr'><strong>Ziehbarth</strong></span> <span class='ocrx_word' id='word_1_11' title='bbox 556 779 691 854; x_wconf 86' lang='lat' dir='ltr'><strong>inspecto</strong></span> <span class='ocrx_word' id='word_1_12' title='bbox 705 779 813 840; x_wconf 75' lang='lat' dir='ltr'><strong>codIoe.</strong></span> <span class='ocrx_word' id='word_1_13' title='bbox 850 778 1010 838; x_wconf 90' lang='lat' dir='ltr'><strong>nonnullae</strong></span> <span class='ocrx_word' id='word_1_14' title='bbox 1023 781 1125 838; x_wconf 89' lang='lat' dir='ltr'><strong>tamen</strong></span> <span class='ocrx_word' id='word_1_15' title='bbox 1138 777 1200 838; x_wconf 84' lang='lat' dir='ltr'><strong>eius</strong></span> <span class='ocrx_word' id='word_1_16' title='bbox 1214 778 1271 838; x_wconf 90' lang='lat' dir='ltr'><strong>lee-</strong></span> 
     </span>
     <span class='ocr_line' id='line_1_4' title="bbox 376 866 1271 929; baseline -0.002 -2"><span class='ocrx_word' id='word_1_17' title='bbox 376 867 476 928; x_wconf 90' lang='lat' dir='ltr'><strong>tiones</strong></span> <span class='ocrx_word' id='word_1_18' title='bbox 489 868 521 926; x_wconf 91' lang='lat' dir='ltr'><strong>in</strong></span> <span class='ocrx_word' id='word_1_19' title='bbox 536 866 716 929; x_wconf 78' lang='lat' dir='ltr'><strong>editionibus</strong></span> <span class='ocrx_word' id='word_1_20' title='bbox 730 868 778 929; x_wconf 90' lang='lat' dir='ltr'><strong>hic</strong></span> <span class='ocrx_word' id='word_1_21' title='bbox 791 867 855 927; x_wconf 91' lang='lat' dir='ltr'><strong>illic</strong></span> <span class='ocrx_word' id='word_1_22' title='bbox 869 884 939 928; x_wconf 89' lang='lat' dir='ltr'><strong>casu</strong></span> <span class='ocrx_word' id='word_1_23' title='bbox 953 869 1087 929; x_wconf 81' lang='lat' dir='ltr'><strong>servatae</strong></span> <span class='ocrx_word' id='word_1_24' title='bbox 1107 869 1271 928; x_wconf 83' lang='lat' dir='ltr'><strong>occummt</strong></span> 
     </span>
    </p>
   </div>
   <div class='ocr_carea' id='block_1_3' title="bbox 323 986 1414 1960">
    <p class='ocr_par' dir='ltr' id='par_1_3' title="bbox 323 986 1414 1088">
     <span class='ocr_line' id='line_1_5' title="bbox 323 986 1414 1088; baseline -0.001 -38"><span class='ocrx_word' id='word_1_25' title='bbox 323 991 517 1068; x_wconf 79' lang='lat' dir='ltr'><strong>Exemplar</strong></span> <span class='ocrx_word' id='word_1_26' title='bbox 534 992 681 1071; x_wconf 91' lang='lat' dir='ltr'><strong>Iosephi</strong></span> <span class='ocrx_word' id='word_1_27' title='bbox 704 994 744 1052; x_wconf 90' lang='lat' dir='ltr'><strong>de</strong></span> <span class='ocrx_word' id='word_1_28' title='bbox 762 991 879 1052; x_wconf 87' lang='lat' dir='ltr'><strong>Iuliis.</strong></span> <span class='ocrx_word' id='word_1_29' title='bbox 915 992 1001 1052; x_wconf 90' lang='lat' dir='ltr'><strong>huius</strong></span> <span class='ocrx_word' id='word_1_30' title='bbox 1022 991 1189 1071; x_wconf 83' lang='lat' dir='ltr'><strong>apographi</strong></span> <span class='ocrx_word' id='word_1_31' title='bbox 1206 991 1270 1050; x_wconf 89' lang='lat' dir='ltr'><strong>uni·</strong></span> <span class='ocrx_word' id='word_1_32' title='bbox 1283 986 1414 1088; x_wconf 55' lang='lat' dir='ltr'><strong>,ggffi</strong></span> 
     </span>
    </p>

    <p class='ocr_par' dir='ltr' id='par_1_4' title="bbox 374 1079 1385 1960">
     <span class='ocr_line' id='line_1_6' title="bbox 377 1079 1385 1161; baseline 0 -21"><span class='ocrx_word' id='word_1_33' title='bbox 377 1099 445 1140; x_wconf 90' lang='lat' dir='ltr'><strong>cum</strong></span> <span class='ocrx_word' id='word_1_34' title='bbox 467 1082 626 1161; x_wconf 85' lang='lat' dir='ltr'><strong>vestigium</strong></span> <span class='ocrx_word' id='word_1_35' title='bbox 649 1083 797 1160; x_wconf 83' lang='lat' dir='ltr'><strong>reperitur</strong></span> <span class='ocrx_word' id='word_1_36' title='bbox 813 1081 847 1139; x_wconf 88' lang='lat' dir='ltr'><strong>in</strong></span> <span class='ocrx_word' id='word_1_37' title='bbox 864 1079 1025 1158; x_wconf 74' lang='lat' dir='ltr'><strong>Raphatlis</strong></span> <span class='ocrx_word' id='word_1_38' title='bbox 1043 1080 1179 1141; x_wconf 78' lang='lat' dir='ltr'><strong>Fabretti</strong></span> <span class='ocrx_word' id='word_1_39' title='bbox 1202 1099 1270 1157; x_wconf 85' lang='lat' dir='ltr'><strong>syn·</strong></span> <span class='ocrx_word' id='word_1_40' title='bbox 1315 1092 1385 1134; x_wconf 73' lang='lat' dir='ltr'><strong>rums</strong></span> 
     </span>
     <span class='ocr_line' id='line_1_7' title="bbox 376 1169 1271 1249; baseline 0.001 -20"><span class='ocrx_word' id='word_1_41' title='bbox 376 1173 512 1249; x_wconf 83' lang='lat' dir='ltr'><strong>tagmate</strong></span> <span class='ocrx_word' id='word_1_42' title='bbox 540 1171 575 1232; x_wconf 90' lang='lat' dir='ltr'><strong>de</strong></span> <span class='ocrx_word' id='word_1_43' title='bbox 605 1170 750 1233; x_wconf 76' lang='lat' dir='ltr'><strong>Columna</strong></span> <span class='ocrx_word' id='word_1_44' title='bbox 772 1169 917 1244; x_wconf 81' lang='lat' dir='ltr'><strong>Traiana,</strong></span> <span class='ocrx_word' id='word_1_45' title='bbox 943 1169 1054 1230; x_wconf 55' lang='lat' dir='ltr'><strong>&amp;mae</strong></span> <span class='ocrx_word' id='word_1_46' title='bbox 1080 1170 1178 1246; x_wconf 79' lang='lat'><strong>1683,</strong></span> <span class='ocrx_word' id='word_1_47' title='bbox 1207 1189 1271 1247; x_wconf 84' lang='lat' dir='ltr'><strong>cap.</strong></span> 
     </span>
     <span class='ocr_line' id='line_1_8' title="bbox 375 1252 1270 1341; baseline 0 -24"><span class='ocrx_word' id='word_1_48' title='bbox 375 1257 421 1317; x_wconf 90' lang='lat' dir='ltr'><strong>VI</strong></span> <span class='ocrx_word' id='word_1_49' title='bbox 442 1280 472 1336; x_wconf 93' lang='lat' dir='ltr'><strong>p.</strong></span> <span class='ocrx_word' id='word_1_50' title='bbox 493 1262 570 1321; x_wconf 84' lang='lat'>153:</span> <span class='ocrx_word' id='word_1_51' title='bbox 594 1255 753 1321; x_wconf 72' lang='lat' dir='ltr'><strong>‘rationem</strong></span> <span class='ocrx_word' id='word_1_52' title='bbox 774 1277 846 1318; x_wconf 83' lang='lat' dir='ltr'><strong>vero</strong></span> <span class='ocrx_word' id='word_1_53' title='bbox 869 1257 957 1318; x_wconf 87' lang='lat' dir='ltr'><strong>huius</strong></span> <span class='ocrx_word' id='word_1_54' title='bbox 978 1259 1054 1319; x_wconf 86' lang='lat' dir='ltr'><strong>ritus</strong></span> <span class='ocrx_word' id='word_1_55' title='bbox 1077 1252 1178 1341; x_wconf 84' lang='lat' dir='ltr'><strong>(urbes</strong></span> <span class='ocrx_word' id='word_1_56' title='bbox 1202 1277 1270 1318; x_wconf 87' lang='lat' dir='ltr'><strong>con·</strong></span> 
     </span>
     <span class='ocr_line' id='line_1_9' title="bbox 377 1341 1270 1432; baseline -0.001 -25"><span class='ocrx_word' id='word_1_57' title='bbox 377 1341 482 1432; x_wconf 90' lang='lat' dir='ltr'><strong>dendi)</strong></span> <span class='ocrx_word' id='word_1_58' title='bbox 504 1351 634 1428; x_wconf 83' lang='lat' dir='ltr'><strong>primum</strong></span> <span class='ocrx_word' id='word_1_59' title='bbox 656 1348 719 1410; x_wconf 86' lang='lat' dir='ltr'><strong>vidi</strong></span> <span class='ocrx_word' id='word_1_60' title='bbox 741 1346 821 1422; x_wconf 86' lang='lat' dir='ltr'><strong>apud</strong></span> <span class='ocrx_word' id='word_1_61' title='bbox 839 1348 981 1407; x_wconf 87' lang='lat' dir='ltr'><strong>Ioannem</strong></span> <span class='ocrx_word' id='word_1_62' title='bbox 999 1347 1194 1407; x_wconf 75' lang='lat' dir='ltr'><strong>Laurentium</strong></span> <span class='ocrx_word' id='word_1_63' title='bbox 1211 1345 1270 1424; x_wconf 87' lang='lat' dir='ltr'><strong>Ly-</strong></span> 
     </span>
     <span class='ocr_line' id='line_1_10' title="bbox 377 1435 1269 1515; baseline -0.001 -19"><span class='ocrx_word' id='word_1_64' title='bbox 377 1437 449 1498; x_wconf 92' lang='lat' dir='ltr'><strong>dum</strong></span> <span class='ocrx_word' id='word_1_65' title='bbox 477 1438 782 1515; x_wconf 87' lang='lat' dir='ltr'><strong>Philadelphiensem,</strong></span> <span class='ocrx_word' id='word_1_66' title='bbox 813 1456 909 1515; x_wconf 87' lang='lat' dir='ltr'><strong>nuper</strong></span> <span class='ocrx_word' id='word_1_67' title='bbox 937 1436 1025 1497; x_wconf 87' lang='lat' dir='ltr'><strong>Latio</strong></span> <span class='ocrx_word' id='word_1_68' title='bbox 1057 1438 1201 1496; x_wconf 91' lang='lat' dir='ltr'><strong>donatum</strong></span> <span class='ocrx_word' id='word_1_69' title='bbox 1232 1435 1269 1495; x_wconf 88' lang='lat' dir='ltr'><strong>ab</strong></span> 
     </span>
     <span class='ocr_line' id='line_1_11' title="bbox 377 1524 1269 1602; baseline -0.002 -16"><span class='ocrx_word' id='word_1_70' title='bbox 377 1528 577 1590; x_wconf 87' lang='lat' dir='ltr'><strong>eruditissimo</strong></span> <span class='ocrx_word' id='word_1_71' title='bbox 600 1527 696 1586; x_wconf 76' lang='lat' dir='ltr'><strong>amIco</strong></span> <span class='ocrx_word' id='word_1_72' title='bbox 718 1524 845 1602; x_wconf 92' lang='lat' dir='ltr'><strong>Iosepho</strong></span> <span class='ocrx_word' id='word_1_73' title='bbox 869 1524 905 1585; x_wconf 91' lang='lat' dir='ltr'><strong>de</strong></span> <span class='ocrx_word' id='word_1_74' title='bbox 926 1525 1025 1601; x_wconf 82' lang='lat' dir='ltr'><strong>Iuliis,</strong></span> <span class='ocrx_word' id='word_1_75' title='bbox 1053 1529 1083 1586; x_wconf 88' lang='lat' dir='ltr'><strong>et</strong></span> <span class='ocrx_word' id='word_1_76' title='bbox 1108 1526 1231 1586; x_wconf 86' lang='lat' dir='ltr'><strong>iamiam</strong></span> <span class='ocrx_word' id='word_1_77' title='bbox 1253 1546 1269 1584; x_wconf 89' lang='lat' dir='ltr'><strong>e</strong></span> 
     </span>
     <span class='ocr_line' id='line_1_12' title="bbox 375 1613 1270 1694; baseline -0.004 -17"><span class='ocrx_word' id='word_1_78' title='bbox 375 1618 579 1694; x_wconf 88' lang='lat' dir='ltr'><strong>manuscripto</strong></span> <span class='ocrx_word' id='word_1_79' title='bbox 598 1615 679 1692; x_wconf 92' lang='lat' dir='ltr'><strong>apud</strong></span> <span class='ocrx_word' id='word_1_80' title='bbox 697 1614 803 1691; x_wconf 82' lang='lat' dir='ltr'><strong>ipsum,</strong></span> <span class='ocrx_word' id='word_1_81' title='bbox 826 1614 933 1673; x_wconf 90' lang='lat' dir='ltr'><strong>mutilo</strong></span> <span class='ocrx_word' id='word_1_82' title='bbox 952 1616 1096 1691; x_wconf 84' lang='lat' dir='ltr'><strong>quamvis,</strong></span> <span class='ocrx_word' id='word_1_83' title='bbox 1118 1613 1270 1692; x_wconf 89' lang='lat' dir='ltr'><strong>publicam</strong></span> 
     </span>
     <span class='ocr_line' id='line_1_13' title="bbox 374 1700 1270 1782; baseline -0.004 -16"><span class='ocrx_word' id='word_1_84' title='bbox 374 1707 472 1766; x_wconf 90' lang='lat' dir='ltr'><strong>lucem</strong></span> <span class='ocrx_word' id='word_1_85' title='bbox 495 1706 712 1782; x_wconf 78' lang='lat' dir='ltr'><strong>inspecturum:</strong></span> <span class='ocrx_word' id='word_1_86' title='bbox 740 1703 834 1780; x_wconf 90' lang='lat' dir='ltr'><strong>ratio,</strong></span> <span class='ocrx_word' id='word_1_87' title='bbox 860 1703 991 1780; x_wconf 88' lang='lat' dir='ltr'><strong>inquam,</strong></span> <span class='ocrx_word' id='word_1_88' title='bbox 1018 1703 1091 1764; x_wconf 91' lang='lat' dir='ltr'><strong>haec</strong></span> <span class='ocrx_word' id='word_1_89' title='bbox 1114 1705 1172 1764; x_wconf 87' lang='lat' dir='ltr'><strong>est:</strong></span> <span class='ocrx_word' id='word_1_90' title='bbox 1200 1700 1270 1782; x_wconf 73' lang='grc' dir='ltr'><strong>μετὰ</strong></span> 
     </span>
     <span class='ocr_line' id='line_1_14' title="bbox 375 1783 1268 1876; baseline -0.004 -21"><span class='ocrx_word' id='word_1_91' title='bbox 375 1790 408 1855; x_wconf 76' lang='grc' dir='ltr'><strong>δὲ</strong></span> <span class='ocrx_word' id='word_1_92' title='bbox 439 1793 495 1873; x_wconf 74' lang='grc' dir='ltr'><strong>τὴν</strong></span> <span class='ocrx_word' id='word_1_93' title='bbox 514 1827 556 1837; x_wconf 90' lang='grc'>-</span> <span class='ocrx_word' id='word_1_94' title='bbox 574 1787 734 1875; x_wconf 77' lang='grc' dir='ltr'><strong><em>γονίμους’</em></strong></span> <span class='ocrx_word' id='word_1_95' title='bbox 766 1784 826 1876; x_wconf 80' lang='lat' dir='ltr'><strong>(ed</strong></span> <span class='ocrx_word' id='word_1_96' title='bbox 856 1813 885 1870; x_wconf 91' lang='lat' dir='ltr'><strong>p.</strong></span> <span class='ocrx_word' id='word_1_97' title='bbox 913 1794 989 1868; x_wconf 78' lang='lat'><strong>125,</strong></span> <span class='ocrx_word' id='word_1_98' title='bbox 1016 1783 1177 1874; x_wconf 76' lang='lat'>15-20).</span> <span class='ocrx_word' id='word_1_99' title='bbox 1233 1792 1268 1852; x_wconf 83' lang='lat' dir='ltr'><strong>cf.</strong></span> 
     </span>
     <span class='ocr_line' id='line_1_15' title="bbox 374 1881 738 1960; baseline -0.003 -18"><span class='ocrx_word' id='word_1_100' title='bbox 374 1882 464 1944; x_wconf 86' lang='lat' dir='ltr'><strong>Hasii</strong></span> <span class='ocrx_word' id='word_1_101' title='bbox 485 1903 589 1943; x_wconf 89' lang='lat' dir='ltr'><strong>comm.</strong></span> <span class='ocrx_word' id='word_1_102' title='bbox 612 1904 641 1960; x_wconf 94' lang='lat' dir='ltr'><strong>p.</strong></span> <span class='ocrx_word' id='word_1_103' title='bbox 660 1881 738 1942; x_wconf 81' lang='lat' dir='ltr'>LIV.</span> 
     </span>
    </p>
   </div>
   <div class='ocr_carea' id='block_1_4' title="bbox 251 2023 1269 3968">
    <p class='ocr_par' dir='ltr' id='par_1_5' title="bbox 251 2023 1269 3968">
     <span class='ocr_line' id='line_1_16' title="bbox 321 2023 1268 2102; baseline 0.001 -19"><span class='ocrx_word' id='word_1_104' title='bbox 321 2024 514 2084; x_wconf 75' lang='lat' dir='ltr'><strong>Enumeratis</strong></span> <span class='ocrx_word' id='word_1_105' title='bbox 549 2023 644 2102; x_wconf 77' lang='lat' dir='ltr'><strong>igItur</strong></span> <span class='ocrx_word' id='word_1_106' title='bbox 679 2024 733 2097; x_wconf 91' lang='lat' dir='ltr'><strong>iis,</strong></span> <span class='ocrx_word' id='word_1_107' title='bbox 769 2042 846 2100; x_wconf 86' lang='lat' dir='ltr'><strong>quas</strong></span> <span class='ocrx_word' id='word_1_108' title='bbox 882 2023 921 2082; x_wconf 90' lang='lat' dir='ltr'><strong>ad</strong></span> <span class='ocrx_word' id='word_1_109' title='bbox 956 2024 1089 2084; x_wconf 88' lang='lat' dir='ltr'><strong>codicum</strong></span> <span class='ocrx_word' id='word_1_110' title='bbox 1124 2023 1268 2084; x_wconf 87' lang='lat' dir='ltr'><strong>recensio·</strong></span> 
     </span>
     <span class='ocr_line' id='line_1_17' title="bbox 254 2112 1267 2190; baseline -0.001 -16"><span class='ocrx_word' id='word_1_111' title='bbox 254 2132 323 2174; x_wconf 88' lang='lat' dir='ltr'><strong>nem</strong></span> <span class='ocrx_word' id='word_1_112' title='bbox 344 2112 373 2172; x_wconf 88' lang='lat' dir='ltr'>X</span> <span class='ocrx_word' id='word_1_113' title='bbox 399 2112 555 2171; x_wconf 83' lang='lat' dir='ltr'><strong>referenda</strong></span> <span class='ocrx_word' id='word_1_114' title='bbox 583 2113 653 2172; x_wconf 89' lang='lat' dir='ltr'><strong>sunt</strong></span> <span class='ocrx_word' id='word_1_115' title='bbox 680 2112 871 2190; x_wconf 77' lang='lat' dir='ltr'><strong>apogr-aphIs,</strong></span> <span class='ocrx_word' id='word_1_116' title='bbox 897 2114 991 2172; x_wconf 85' lang='lat' dir='ltr'><strong>restat</strong></span> <span class='ocrx_word' id='word_1_117' title='bbox 1017 2115 1052 2172; x_wconf 90' lang='lat' dir='ltr'><strong>ut</strong></span> <span class='ocrx_word' id='word_1_118' title='bbox 1082 2131 1267 2190; x_wconf 89' lang='lat' dir='ltr'><strong>quaeramus,</strong></span> 
     </span>
     <span class='ocr_line' id='line_1_18' title="bbox 256 2200 1269 2280; baseline 0.001 -20"><span class='ocrx_word' id='word_1_119' title='bbox 256 2202 377 2279; x_wconf 90' lang='lat' dir='ltr'><strong>quinam</strong></span> <span class='ocrx_word' id='word_1_120' title='bbox 400 2219 493 2272; x_wconf 77' lang='lat' dir='ltr'><strong>nexus</strong></span> <span class='ocrx_word' id='word_1_121' title='bbox 515 2201 682 2260; x_wconf 74' lang='lat' dir='ltr'><strong>intercedat</strong></span> <span class='ocrx_word' id='word_1_122' title='bbox 703 2201 782 2260; x_wconf 89' lang='lat' dir='ltr'><strong>inter</strong></span> <span class='ocrx_word' id='word_1_123' title='bbox 804 2200 931 2280; x_wconf 87' lang='lat' dir='ltr'><strong>singula.</strong></span> <span class='ocrx_word' id='word_1_124' title='bbox 971 2219 1097 2278; x_wconf 88' lang='lat' dir='ltr'><strong>quorum</strong></span> <span class='ocrx_word' id='word_1_125' title='bbox 1114 2204 1269 2278; x_wconf 88' lang='lat' dir='ltr'><strong>tamquam</strong></span> 
     </span>
     <span class='ocr_line' id='line_1_19' title="bbox 253 2288 1267 2369; baseline 0 -19"><span class='ocrx_word' id='word_1_126' title='bbox 253 2289 421 2369; x_wconf 89' lang='lat' dir='ltr'><strong>principem</strong></span> <span class='ocrx_word' id='word_1_127' title='bbox 444 2289 574 2350; x_wconf 77' lang='lat' dir='ltr'><strong>codicem</strong></span> <span class='ocrx_word' id='word_1_128' title='bbox 596 2288 625 2348; x_wconf 86' lang='lat' dir='ltr'>A</span> <span class='ocrx_word' id='word_1_129' title='bbox 644 2308 707 2350; x_wconf 86' lang='lat' dir='ltr'><strong>esse</strong></span> <span class='ocrx_word' id='word_1_130' title='bbox 725 2289 786 2349; x_wconf 86' lang='lat' dir='ltr'><strong>iarn</strong></span> <span class='ocrx_word' id='word_1_131' title='bbox 805 2308 896 2366; x_wconf 86' lang='lat' dir='ltr'><strong>supra</strong></span> <span class='ocrx_word' id='word_1_132' title='bbox 914 2289 1049 2365; x_wconf 84' lang='lat' dir='ltr'><strong>diximus,</strong></span> <span class='ocrx_word' id='word_1_133' title='bbox 1073 2291 1125 2368; x_wconf 90' lang='lat' dir='ltr'><strong>qui</strong></span> <span class='ocrx_word' id='word_1_134' title='bbox 1142 2292 1173 2350; x_wconf 91' lang='lat' dir='ltr'><strong>et</strong></span> <span class='ocrx_word' id='word_1_135' title='bbox 1191 2291 1267 2350; x_wconf 87' lang='lat' dir='ltr'><strong>anti·</strong></span> 
     </span>
     <span class='ocr_line' id='line_1_20' title="bbox 256 2378 1268 2456; baseline 0.001 -18"><span class='ocrx_word' id='word_1_136' title='bbox 256 2378 414 2456; x_wconf 87' lang='lat' dir='ltr'><strong>quissimus</strong></span> <span class='ocrx_word' id='word_1_137' title='bbox 446 2381 491 2439; x_wconf 90' lang='lat' dir='ltr'><strong>est</strong></span> <span class='ocrx_word' id='word_1_138' title='bbox 520 2382 551 2439; x_wconf 91' lang='lat' dir='ltr'><strong>et</strong></span> <span class='ocrx_word' id='word_1_139' title='bbox 576 2378 724 2439; x_wconf 88' lang='lat' dir='ltr'><strong>Italorum</strong></span> <span class='ocrx_word' id='word_1_140' title='bbox 752 2379 927 2440; x_wconf 84' lang='lat' dir='ltr'><strong>coniecturis</strong></span> <span class='ocrx_word' id='word_1_141' title='bbox 953 2381 1075 2439; x_wconf 88' lang='lat' dir='ltr'><strong>minime</strong></span> <span class='ocrx_word' id='word_1_142' title='bbox 1102 2383 1268 2456; x_wconf 75' lang='lat' dir='ltr'><strong>corruptus.</strong></span> 
     </span>
     <span class='ocr_line' id='line_1_21' title="bbox 254 2468 1267 2547; baseline 0 -19"><span class='ocrx_word' id='word_1_143' title='bbox 254 2486 350 2544; x_wconf 91' lang='lat' dir='ltr'><strong>neque</strong></span> <span class='ocrx_word' id='word_1_144' title='bbox 372 2471 476 2527; x_wconf 89' lang='lat' dir='ltr'><strong>tamen</strong></span> <span class='ocrx_word' id='word_1_145' title='bbox 501 2469 566 2545; x_wconf 94' lang='lat' dir='ltr'><strong>ipse</strong></span> <span class='ocrx_word' id='word_1_146' title='bbox 592 2470 676 2528; x_wconf 87' lang='lat' dir='ltr'><strong>recta</strong></span> <span class='ocrx_word' id='word_1_147' title='bbox 702 2469 753 2527; x_wconf 85' lang='lat' dir='ltr'><strong>via</strong></span> <span class='ocrx_word' id='word_1_148' title='bbox 779 2487 815 2528; x_wconf 85' lang='lat' dir='ltr'><strong>ex</strong></span> <span class='ocrx_word' id='word_1_149' title='bbox 842 2469 959 2547; x_wconf 89' lang='lat' dir='ltr'><strong>integro</strong></span> <span class='ocrx_word' id='word_1_150' title='bbox 981 2468 1082 2545; x_wconf 88' lang='lat' dir='ltr'><strong>aliquo</strong></span> <span class='ocrx_word' id='word_1_151' title='bbox 1106 2468 1267 2545; x_wconf 85' lang='lat' dir='ltr'><strong>exemplari</strong></span> 
     </span>
     <span class='ocr_line' id='line_1_22' title="bbox 253 2555 1268 2634; baseline 0 -18"><span class='ocrx_word' id='word_1_152' title='bbox 253 2555 390 2633; x_wconf 78' lang='lat' dir='ltr'><strong>Lyddauo</strong></span> <span class='ocrx_word' id='word_1_153' title='bbox 411 2556 574 2634; x_wconf 85' lang='lat' dir='ltr'><strong>exscriptus</strong></span> <span class='ocrx_word' id='word_1_154' title='bbox 597 2560 652 2631; x_wconf 86' lang='lat' dir='ltr'><strong>est,</strong></span> <span class='ocrx_word' id='word_1_155' title='bbox 673 2557 764 2617; x_wconf 90' lang='lat' dir='ltr'><strong>immo</strong></span> <span class='ocrx_word' id='word_1_156' title='bbox 787 2558 827 2634; x_wconf 90' lang='lat' dir='ltr'><strong>id,</strong></span> <span class='ocrx_word' id='word_1_157' title='bbox 851 2577 867 2617; x_wconf 90' lang='lat' dir='ltr'><strong>e</strong></span> <span class='ocrx_word' id='word_1_158' title='bbox 887 2575 944 2633; x_wconf 91' lang='lat' dir='ltr'><strong>quo</strong></span> <span class='ocrx_word' id='word_1_159' title='bbox 961 2557 1055 2633; x_wconf 86' lang='lat' dir='ltr'><strong>fiuxit,</strong></span> <span class='ocrx_word' id='word_1_160' title='bbox 1073 2558 1268 2634; x_wconf 80' lang='lat' dir='ltr'><strong>archetypum</strong></span> 
     </span>
     <span class='ocr_line' id='line_1_23' title="bbox 254 2644 1266 2725; baseline 0 -19"><span class='ocrx_word' id='word_1_161' title='bbox 254 2644 489 2721; x_wconf 86' lang='lat' dir='ltr'><strong>componebatur</strong></span> <span class='ocrx_word' id='word_1_162' title='bbox 517 2664 533 2704; x_wconf 88' lang='lat' dir='ltr'><strong>e</strong></span> <span class='ocrx_word' id='word_1_163' title='bbox 563 2644 690 2724; x_wconf 85' lang='lat' dir='ltr'><strong>singulis</strong></span> <span class='ocrx_word' id='word_1_164' title='bbox 718 2646 872 2705; x_wconf 77' lang='lat' dir='ltr'><strong>uariorum</strong></span> <span class='ocrx_word' id='word_1_165' title='bbox 901 2649 1054 2706; x_wconf 87' lang='lat' dir='ltr'><strong>auctorum</strong></span> <span class='ocrx_word' id='word_1_166' title='bbox 1082 2647 1266 2725; x_wconf 78' lang='lat' dir='ltr'><strong>fragmentis.</strong></span> 
     </span>
     <span class='ocr_line' id='line_1_24' title="bbox 255 2733 1266 2812; baseline 0.002 -19"><span class='ocrx_word' id='word_1_167' title='bbox 255 2752 346 2811; x_wconf 91' lang='lat' dir='ltr'><strong>quam</strong></span> <span class='ocrx_word' id='word_1_168' title='bbox 367 2733 549 2794; x_wconf 87' lang='lat' dir='ltr'><strong>sententiam</strong></span> <span class='ocrx_word' id='word_1_169' title='bbox 569 2751 673 2792; x_wconf 85' lang='lat' dir='ltr'><strong>veram</strong></span> <span class='ocrx_word' id='word_1_170' title='bbox 696 2752 758 2794; x_wconf 90' lang='lat' dir='ltr'><strong>esse</strong></span> <span class='ocrx_word' id='word_1_171' title='bbox 782 2734 1001 2795; x_wconf 84' lang='lat' dir='ltr'><strong>demonstratur</strong></span> <span class='ocrx_word' id='word_1_172' title='bbox 1023 2756 1072 2809; x_wconf 89' lang='lat' dir='ltr'><strong>eo,</strong></span> <span class='ocrx_word' id='word_1_173' title='bbox 1095 2735 1174 2812; x_wconf 92' lang='lat' dir='ltr'><strong>quod</strong></span> <span class='ocrx_word' id='word_1_174' title='bbox 1196 2738 1266 2795; x_wconf 85' lang='lat' dir='ltr'><strong>ante</strong></span> 
     </span>
     <span class='ocr_line' id='line_1_25' title="bbox 252 2815 1265 2902; baseline -0.001 -18"><span class='ocrx_word' id='word_1_175' title='bbox 252 2822 478 2898; x_wconf 80' lang='lat' dir='ltr'><strong>inscriptionem</strong></span> <span class='ocrx_word' id='word_1_176' title='bbox 500 2818 533 2882; x_wconf 75' lang='grc' dir='ltr'><strong>ἐκ</strong></span> <span class='ocrx_word' id='word_1_177' title='bbox 554 2829 614 2883; x_wconf 84' lang='grc' dir='ltr'><strong>τῶν</strong></span> <span class='ocrx_word' id='word_1_178' title='bbox 635 2829 689 2883; x_wconf 81' lang='grc' dir='ltr'><strong>τοῦ</strong></span> <span class='ocrx_word' id='word_1_179' title='bbox 708 2815 850 2884; x_wconf 77' lang='grc' dir='ltr'><em>Ἰωάννου</em></span> <span class='ocrx_word' id='word_1_180' title='bbox 873 2831 925 2884; x_wconf 79' lang='grc' dir='ltr'><strong>τοῦ</strong></span> <span class='ocrx_word' id='word_1_181' title='bbox 949 2821 1164 2902; x_wconf 79' lang='grc' dir='ltr'><strong><em>Φιλαδελφέως,</em></strong></span> <span class='ocrx_word' id='word_1_182' title='bbox 1190 2842 1265 2901; x_wconf 91' lang='lat' dir='ltr'><strong>quae</strong></span> 
     </span>
     <span class='ocr_line' id='line_1_26' title="bbox 253 2911 1266 2992; baseline 0.002 -21"><span class='ocrx_word' id='word_1_183' title='bbox 253 2931 314 2972; x_wconf 90' lang='lat' dir='ltr'><strong>non</strong></span> <span class='ocrx_word' id='word_1_184' title='bbox 335 2911 368 2970; x_wconf 92' lang='lat' dir='ltr'><strong>in</strong></span> <span class='ocrx_word' id='word_1_185' title='bbox 394 2913 545 2991; x_wconf 83' lang='lat' dir='ltr'><strong>margine,</strong></span> <span class='ocrx_word' id='word_1_186' title='bbox 571 2911 623 2972; x_wconf 86' lang='lat' dir='ltr'><strong>sed</strong></span> <span class='ocrx_word' id='word_1_187' title='bbox 649 2912 682 2970; x_wconf 89' lang='lat' dir='ltr'><strong>iu</strong></span> <span class='ocrx_word' id='word_1_188' title='bbox 709 2913 774 2990; x_wconf 91' lang='lat' dir='ltr'><strong>ipso</strong></span> <span class='ocrx_word' id='word_1_189' title='bbox 801 2932 889 2974; x_wconf 86' lang='lat' dir='ltr'><strong>versu</strong></span> <span class='ocrx_word' id='word_1_190' title='bbox 915 2912 1038 2992; x_wconf 87' lang='lat' dir='ltr'><strong>legitur,</strong></span> <span class='ocrx_word' id='word_1_191' title='bbox 1064 2914 1266 2992; x_wconf 80' lang='lat' dir='ltr'><strong>fragmentum</strong></span> 
     </span>
     <span class='ocr_line' id='line_1_27' title="bbox 254 3000 1264 3079; baseline 0.001 -18"><span class='ocrx_word' id='word_1_192' title='bbox 254 3000 377 3077; x_wconf 88' lang='lat' dir='ltr'><strong>aliquod</strong></span> <span class='ocrx_word' id='word_1_193' title='bbox 400 3003 492 3076; x_wconf 81' lang='lat' dir='ltr'><strong>extat,</strong></span> <span class='ocrx_word' id='word_1_194' title='bbox 516 3001 595 3078; x_wconf 90' lang='lat' dir='ltr'><strong>quod</strong></span> <span class='ocrx_word' id='word_1_195' title='bbox 619 3021 634 3059; x_wconf 94' lang='lat' dir='ltr'><strong>e</strong></span> <span class='ocrx_word' id='word_1_196' title='bbox 656 3000 734 3061; x_wconf 91' lang='lat' dir='ltr'><strong>libro</strong></span> <span class='ocrx_word' id='word_1_197' title='bbox 753 3002 883 3079; x_wconf 89' lang='lat' dir='ltr'><strong>quodam</strong></span> <span class='ocrx_word' id='word_1_198' title='bbox 901 3001 937 3061; x_wconf 89' lang='lat' dir='ltr'><strong>de</strong></span> <span class='ocrx_word' id='word_1_199' title='bbox 955 3003 1079 3064; x_wconf 86' lang='lat' dir='ltr'><strong>ostentis</strong></span> <span class='ocrx_word' id='word_1_200' title='bbox 1097 3003 1264 3079; x_wconf 88' lang='lat' dir='ltr'><strong>conscripto</strong></span> 
     </span>
     <span class='ocr_line' id='line_1_28' title="bbox 254 3089 1265 3168; baseline 0.003 -20"><span class='ocrx_word' id='word_1_201' title='bbox 254 3089 412 3149; x_wconf 90' lang='lat' dir='ltr'><strong>oriundum</strong></span> <span class='ocrx_word' id='word_1_202' title='bbox 436 3109 498 3150; x_wconf 91' lang='lat' dir='ltr'><strong>esse</strong></span> <span class='ocrx_word' id='word_1_203' title='bbox 521 3093 619 3166; x_wconf 81' lang='lat' dir='ltr'><strong>patet3</strong></span> <span class='ocrx_word' id='word_1_204' title='bbox 647 3090 733 3150; x_wconf 89' lang='lat' dir='ltr'><strong>valde</strong></span> <span class='ocrx_word' id='word_1_205' title='bbox 756 3094 858 3151; x_wconf 89' lang='lat' dir='ltr'><strong>autem</strong></span> <span class='ocrx_word' id='word_1_206' title='bbox 879 3092 987 3152; x_wconf 85' lang='lat' dir='ltr'><strong>mirum</strong></span> <span class='ocrx_word' id='word_1_207' title='bbox 1010 3095 1099 3168; x_wconf 90' lang='lat' dir='ltr'><strong>esset,</strong></span> <span class='ocrx_word' id='word_1_208' title='bbox 1126 3091 1265 3152; x_wconf 90' lang='lat' dir='ltr'><strong>silibra·</strong></span> 
     </span>
     <span class='ocr_line' id='line_1_29' title="bbox 252 3177 1266 3241; baseline 0.002 -3"><span class='ocrx_word' id='word_1_209' title='bbox 252 3179 314 3238; x_wconf 90' lang='lat' dir='ltr'><strong>rius</strong></span> <span class='ocrx_word' id='word_1_210' title='bbox 338 3177 448 3238; x_wconf 83' lang='lat' dir='ltr'><strong>codicis</strong></span> <span class='ocrx_word' id='word_1_211' title='bbox 470 3178 597 3238; x_wconf 73' lang='lat' dir='ltr'><strong>alibro</strong></span> <span class='ocrx_word' id='word_1_212' title='bbox 620 3179 674 3238; x_wconf 86' lang='lat' dir='ltr'><strong>illo</strong></span> <span class='ocrx_word' id='word_1_213' title='bbox 697 3179 733 3239; x_wconf 91' lang='lat' dir='ltr'><strong>de</strong></span> <span class='ocrx_word' id='word_1_214' title='bbox 756 3181 880 3240; x_wconf 88' lang='lat' dir='ltr'><strong>ostentis</strong></span> <span class='ocrx_word' id='word_1_215' title='bbox 904 3182 1021 3241; x_wconf 88' lang='lat' dir='ltr'><strong>evoluto</strong></span> <span class='ocrx_word' id='word_1_216' title='bbox 1044 3183 1092 3241; x_wconf 89' lang='lat' dir='ltr'><strong>sat</strong></span> <span class='ocrx_word' id='word_1_217' title='bbox 1112 3180 1266 3241; x_wconf 86' lang='lat' dir='ltr'><strong>habuisset</strong></span> 
     </span>
     <span class='ocr_line' id='line_1_30' title="bbox 252 3269 1264 3347; baseline 0.005 -22"><span class='ocrx_word' id='word_1_218' title='bbox 252 3285 344 3326; x_wconf 88' lang='lat' dir='ltr'><strong>unam</strong></span> <span class='ocrx_word' id='word_1_219' title='bbox 364 3269 487 3326; x_wconf 90' lang='lat' dir='ltr'><strong>tantum</strong></span> <span class='ocrx_word' id='word_1_220' title='bbox 505 3269 683 3344; x_wconf 80' lang='lat' dir='ltr'><strong>excerpsIsse</strong></span> <span class='ocrx_word' id='word_1_221' title='bbox 701 3270 923 3347; x_wconf 85' lang='lat' dir='ltr'><strong>paragraphum</strong></span> <span class='ocrx_word' id='word_1_222' title='bbox 940 3271 1100 3346; x_wconf 86' lang='lat' dir='ltr'><strong>statimque</strong></span> <span class='ocrx_word' id='word_1_223' title='bbox 1119 3289 1150 3330; x_wconf 90' lang='lat' dir='ltr'><strong>se</strong></span> <span class='ocrx_word' id='word_1_224' title='bbox 1167 3272 1264 3330; x_wconf 90' lang='lat' dir='ltr'><strong>trans-</strong></span> 
     </span>
     <span class='ocr_line' id='line_1_31' title="bbox 251 3355 1264 3435; baseline 0.001 -19"><span class='ocrx_word' id='word_1_225' title='bbox 251 3356 372 3416; x_wconf 85' lang='lat' dir='ltr'><strong>tulisset</strong></span> <span class='ocrx_word' id='word_1_226' title='bbox 394 3356 427 3414; x_wconf 89' lang='lat' dir='ltr'><strong>in</strong></span> <span class='ocrx_word' id='word_1_227' title='bbox 449 3355 559 3416; x_wconf 90' lang='lat' dir='ltr'><strong>librum</strong></span> <span class='ocrx_word' id='word_1_228' title='bbox 581 3356 749 3433; x_wconf 88' lang='lat' dir='ltr'><strong>Lydianum</strong></span> <span class='ocrx_word' id='word_1_229' title='bbox 772 3357 808 3416; x_wconf 88' lang='lat' dir='ltr'><strong>de</strong></span> <span class='ocrx_word' id='word_1_230' title='bbox 830 3357 987 3419; x_wconf 88' lang='lat' dir='ltr'><strong>mensibus.</strong></span> <span class='ocrx_word' id='word_1_231' title='bbox 1026 3362 1059 3417; x_wconf 90' lang='lat' dir='ltr'><strong>at</strong></span> <span class='ocrx_word' id='word_1_232' title='bbox 1081 3359 1193 3435; x_wconf 90' lang='lat' dir='ltr'><strong>optime</strong></span> <span class='ocrx_word' id='word_1_233' title='bbox 1216 3377 1264 3418; x_wconf 86' lang='lat' dir='ltr'><strong>ex-</strong></span> 
     </span>
     <span class='ocr_line' id='line_1_32' title="bbox 251 3445 1263 3524; baseline 0.003 -21"><span class='ocrx_word' id='word_1_234' title='bbox 251 3445 384 3524; x_wconf 85' lang='lat' dir='ltr'><strong>plicatur</strong></span> <span class='ocrx_word' id='word_1_235' title='bbox 414 3445 632 3506; x_wconf 85' lang='lat' dir='ltr'><strong>iuconcinnitas</strong></span> <span class='ocrx_word' id='word_1_236' title='bbox 668 3446 740 3521; x_wconf 90' lang='lat' dir='ltr'><strong>ista,</strong></span> <span class='ocrx_word' id='word_1_237' title='bbox 776 3447 802 3506; x_wconf 91' lang='lat' dir='ltr'><strong>si</strong></span> <span class='ocrx_word' id='word_1_238' title='bbox 834 3447 987 3523; x_wconf 87' lang='lat' dir='ltr'><strong>sumimus,</strong></span> <span class='ocrx_word' id='word_1_239' title='bbox 1023 3447 1161 3508; x_wconf 89' lang='lat' dir='ltr'><strong>habuisse</strong></span> <span class='ocrx_word' id='word_1_240' title='bbox 1193 3450 1263 3507; x_wconf 86' lang='lat' dir='ltr'><strong>ante</strong></span> 
     </span>
     <span class='ocr_line' id='line_1_33' title="bbox 254 3532 1264 3615; baseline 0.002 -21"><span class='ocrx_word' id='word_1_241' title='bbox 254 3534 353 3595; x_wconf 89' lang='lat' dir='ltr'><strong>oculos</strong></span> <span class='ocrx_word' id='word_1_242' title='bbox 380 3532 538 3593; x_wconf 88' lang='lat' dir='ltr'><strong>Barberini</strong></span> <span class='ocrx_word' id='word_1_243' title='bbox 567 3532 676 3594; x_wconf 88' lang='lat' dir='ltr'><strong>codicis</strong></span> <span class='ocrx_word' id='word_1_244' title='bbox 706 3538 857 3594; x_wconf 88' lang='lat' dir='ltr'><strong>auctorem</strong></span> <span class='ocrx_word' id='word_1_245' title='bbox 884 3536 1085 3597; x_wconf 88' lang='lat' dir='ltr'><strong>collectionem</strong></span> <span class='ocrx_word' id='word_1_246' title='bbox 1114 3536 1264 3615; x_wconf 88' lang='lat' dir='ltr'><strong>quandam</strong></span> 
     </span>
     <span class='ocr_line' id='line_1_34' title="bbox 253 3622 1262 3703; baseline 0.004 -21"><span class='ocrx_word' id='word_1_247' title='bbox 253 3644 269 3682; x_wconf 89' lang='lat' dir='ltr'><strong>e</strong></span> <span class='ocrx_word' id='word_1_248' title='bbox 292 3623 444 3683; x_wconf 82' lang='lat' dir='ltr'><strong>variorum</strong></span> <span class='ocrx_word' id='word_1_249' title='bbox 467 3626 620 3683; x_wconf 89' lang='lat' dir='ltr'><strong>auctorum</strong></span> <span class='ocrx_word' id='word_1_250' title='bbox 641 3622 728 3683; x_wconf 88' lang='lat' dir='ltr'><strong>libris</strong></span> <span class='ocrx_word' id='word_1_251' title='bbox 750 3624 928 3684; x_wconf 86' lang='lat' dir='ltr'><strong>confectam:</strong></span> <span class='ocrx_word' id='word_1_252' title='bbox 956 3646 971 3684; x_wconf 86' lang='lat' dir='ltr'><strong>e</strong></span> <span class='ocrx_word' id='word_1_253' title='bbox 995 3645 1054 3703; x_wconf 90' lang='lat' dir='ltr'><strong>qua</strong></span> <span class='ocrx_word' id='word_1_254' title='bbox 1077 3644 1144 3686; x_wconf 88' lang='lat' dir='ltr'><strong>cum</strong></span> <span class='ocrx_word' id='word_1_255' title='bbox 1165 3629 1262 3686; x_wconf 88' lang='lat' dir='ltr'><strong>trans-</strong></span> 
     </span>
     <span class='ocr_line' id='line_1_35' title="bbox 251 3710 1262 3791; baseline 0.003 -21"><span class='ocrx_word' id='word_1_256' title='bbox 251 3712 330 3772; x_wconf 86' lang='lat' dir='ltr'><strong>ferre</strong></span> <span class='ocrx_word' id='word_1_257' title='bbox 356 3712 450 3771; x_wconf 88' lang='lat' dir='ltr'><strong>vellet</strong></span> <span class='ocrx_word' id='word_1_258' title='bbox 476 3711 625 3788; x_wconf 88' lang='lat' dir='ltr'><strong>Lydiana,</strong></span> <span class='ocrx_word' id='word_1_259' title='bbox 651 3710 789 3771; x_wconf 89' lang='lat' dir='ltr'><strong>ultimum</strong></span> <span class='ocrx_word' id='word_1_260' title='bbox 817 3733 918 3774; x_wconf 88' lang='lat' dir='ltr'><strong>eorum</strong></span> <span class='ocrx_word' id='word_1_261' title='bbox 945 3733 1020 3791; x_wconf 85' lang='lat' dir='ltr'><strong>quac</strong></span> <span class='ocrx_word' id='word_1_262' title='bbox 1039 3714 1262 3791; x_wconf 69' lang='lat' dir='ltr'><strong>‘praecedebant</strong></span> 
     </span>
     <span class='ocr_line' id='line_1_36' title="bbox 253 3800 1262 3879; baseline 0.002 -19"><span class='ocrx_word' id='word_1_263' title='bbox 253 3802 456 3879; x_wconf 85' lang='lat' dir='ltr'><strong>fragmentum</strong></span> <span class='ocrx_word' id='word_1_264' title='bbox 477 3819 537 3859; x_wconf 90' lang='lat' dir='ltr'><strong>una</strong></span> <span class='ocrx_word' id='word_1_265' title='bbox 560 3800 724 3879; x_wconf 85' lang='lat' dir='ltr'><strong>exscripsit,</strong></span> <span class='ocrx_word' id='word_1_266' title='bbox 746 3802 835 3878; x_wconf 90' lang='lat' dir='ltr'><strong>quod,</strong></span> <span class='ocrx_word' id='word_1_267' title='bbox 859 3804 992 3879; x_wconf 86' lang='lat' dir='ltr'><strong>quamvis</strong></span> <span class='ocrx_word' id='word_1_268' title='bbox 1012 3804 1173 3878; x_wconf 88' lang='lat' dir='ltr'><strong>intellecto,</strong></span> <span class='ocrx_word' id='word_1_269' title='bbox 1195 3821 1262 3862; x_wconf 88' lang='lat' dir='ltr'><strong>cum</strong></span> 
     </span>
     <span class='ocr_line' id='line_1_37' title="bbox 251 3889 1262 3968; baseline 0.003 -19"><span class='ocrx_word' id='word_1_270' title='bbox 251 3889 376 3950; x_wconf 82' lang='lat' dir='ltr'><strong>tu&#39;tulum</strong></span> <span class='ocrx_word' id='word_1_271' title='bbox 406 3889 560 3966; x_wconf 85' lang='lat' dir='ltr'><strong>scriberet,</strong></span> <span class='ocrx_word' id='word_1_272' title='bbox 593 3909 704 3968; x_wconf 87' lang='lat' dir='ltr'><strong>errore,</strong></span> <span class='ocrx_word' id='word_1_273' title='bbox 736 3891 833 3951; x_wconf 88' lang='lat' dir='ltr'><strong>delere</strong></span> <span class='ocrx_word' id='word_1_274' title='bbox 865 3893 968 3953; x_wconf 76' lang='lat' dir='ltr'><strong>uoluIt.</strong></span> <span class='ocrx_word' id='word_1_275' title='bbox 1018 3897 1064 3952; x_wconf 89' lang='lat' dir='ltr'><strong>est</strong></span> <span class='ocrx_word' id='word_1_276' title='bbox 1094 3895 1195 3952; x_wconf 85' lang='lat' dir='ltr'><strong>autem</strong></span> <span class='ocrx_word' id='word_1_277' title='bbox 1225 3910 1262 3952; x_wconf 85' lang='lat' dir='ltr'><strong>ea</strong></span> 
     </span>
    </p>
   </div>
   <div class='ocr_carea' id='block_1_5' title="bbox 0 0 1542 4598">
    <p class='ocr_par' dir='ltr' id='par_1_6' title="bbox 0 0 1542 4598">
     <span class='ocr_line' id='line_1_38' title="bbox 0 0 1542 4598; baseline 0 2"><span class='ocrx_word' id='word_1_278' title='bbox 0 0 1542 4598; x_wconf 95' lang='lat' dir='ltr'><strong> </strong></span> 
     </span>
    </p>
   </div>
  </div>
 </body>
</html>
