3074 4598
310 496 375 560 174
547 493 661 550 LIBER.
677 493 854 559 QUARTUS.
879 493 1080 551 DECEMBER

265 667 291 721 R
304 662 523 743 κυνηγεσίοις.
572 659 702 724 τούτων
731 655 770 724 δὲ
795 657 898 746 πέρας
926 661 998 742 άγει
1025 658 1052 743 ἡ
1074 668 1136 725 τοῦ
1163 674 1331 748 χειμῶνος

285 767 389 852 ’ὥρα
418 765 455 832 έν
477 766 560 850 αὐτῇ
584 767 649 851 γάρ
672 765 749 831 οὔτε
778 765 1005 848 ένοπλίζονται
1034 768 1111 832 οὔτε
1137 779 1326 854 γεωργοῦσι

304 977 360 1044 καὶ
383 983 535 1066 βροῦμαν
563 978 668 1063 αὐτὴν
694 985 841 1066 πατρίως
864 981 1054 1067 ὠνόμασαν,
1083 978 1186 1048 οἱονεὶ
1211 985 1321 1069 βραχὺ

278 1081 406 1171 εῆμαρ·
426 1084 623 1172 Βρουμάλια
642 1081 680 1152 δὲ
699 1085 803 1153 οἱονεὶ
821 1085 1003 1177 χειμεριναὶ
1023 1086 1141 1175 ἑορταί.
1177 1087 1321 1175 ἀργοῦν-

302 1214 356 1268 τες
384 1186 446 1256 οὖν
472 1192 510 1258 τὸ
537 1195 695 1276 τηνικάδε
718 1194 751 1259 ol
770 1193 922 1277 Ῥωμαῖοι
948 1192 1045 1278 μέχρι
1074 1207 1141 1260 τῶν
1162 1194 1319 1282 Αὐξιφω-

300 1301 383 1363 τίων
406 1297 460 1364 ἐπὶ
482 1311 550 1366 τῶν
572 1313 704 1367 νυκτῶν
726 1302 962 1387 χαιρετίζοντες
986 1299 1200 1386 ἐπευφήμουν
1217 1303 1317 1390 άλλη-

301 1410 398 1491 λους,
424 1417 463 1494 τη
486 1411 614 1497 πατρίῳ
643 1418 738 1495 φωνῇ
767 1406 918 1492 λέγοντες
941 1406 1049 1491 ’βίβες
1077 1409 1214 1485 τέγγους’
1242 1403 1317 1477 οἷον

301 1513 389 1598 Ἱῆδι
419 1516 465 1593 εἰς
493 1515 658 1602 χρόνους.’
703 1515 736 1578 οἱ
763 1511 801 1580 δὲ
824 1511 998 1600 γεωργικοί
1023 1516 1107 1601 πρὸς
1133 1517 1318 1599 θεράπειαν

259 1645 287 1684 ιο
299 1622 438 1705 Κρόνου
455 1619 511 1686 καὶ
529 1622 708 1706 Δήμητρος
726 1622 891 1706 ἔσφαττον
907 1623 1057 1706 χοίρους·
1078 1621 1160 1685 ὅθεν
1177 1619 1231 1687 καὶ
1249 1632 1318 1688 νῦν

299 1729 500 1812 φυλάττεται
513 1728 597 1791 κατὰ
610 1727 670 1792 τὸν
682 1725 893 1813 Δεκέμβριον
909 1727 930 1812 ἡ
948 1731 1178 1814 χοιροσφαγία
1213 1730 1316 1815 ἔσφα-

298 1836 360 1911 ζοα
385 1828 423 1898 δὲ
452 1834 485 1898 οἱ
515 1831 742 1917 άμπελουργολ
771 1833 915 1919 τράγους
945 1835 992 1911 εἰς
1019 1836 1119 1921 τιμὴν
1145 1845 1205 1902 τοῦ
1230 1842 1315 1904 Διο-

296 1938 417 2004 νύσου·
445 1939 463 2006 ὁ
487 1940 551 2025 γὰρ
578 1925 700 2026 τράγος
726 1938 883 2026 πολέμιος
908 1951 965 2026 τῆς
988 1939 1151 2027 ἀμπέλου·
1177 1941 1232 2008 καλ
1261 1942 1313 2010 ἐκ·

297 2044 450 2129 δέροντες
483 2045 605 2124 αὐτοὺς
636 2049 716 2124 τοὺς
747 2047 870 2124 ἀσκοὺς
895 2054 1101 2135 πληροῦντες
1126 2051 1313 2137 πνεύματος

256 2177 282 2217 15
296 2151 482 2237 έφήλλοντο
510 2151 632 2232 αὐτοῖς.
679 2155 712 2220 οἱ
739 2151 777 2221 δὲ
804 2154 968 2222 πολιτικοὶ
995 2155 1051 2222 καὶ
1079 2160 1137 2233 τὰς
1163 2156 1312 2244 ἀπαρχὰς

296 2270 365 2323 τῶν
388 2258 677 2343 συγκλεισθέντων
699 2273 851 2347 καρπῶν,
874 2257 969 2328 οἶνον
990 2261 1047 2327 καὶ
1069 2266 1194 2347 ἔλαιον,
1214 2275 1311 2330 σῖτον

294 2363 350 2431 καὶ
373 2366 447 2451 μέλι
469 2366 524 2433 καὶ
552 2370 661 2434 πάντα
688 2370 728 2434 τά
756 2369 820 2434 άπὸ
849 2367 999 2454 δένδρων
1026 2370 1088 2434 ὅσα
1116 2370 1310 2455 διαμένουσι

292 2470 349 2537 καὶ
372 2475 546 2558 σώζονται,
571 2473 710 2540 ἐποίουν
733 2477 855 2561 άρτους
877 2477 958 2541 ἄνευ
981 2475 1105 2554 ὕδατος
1125 2476 1180 2541 καὶ
1203 2487 1308 2543 ταῦτα

291 2590 463 2666 προσῆγον
490 2592 560 2657 τοῖς
589 2583 713 2667 ἱερεῦσι
741 2591 799 2665 τῆς
821 2585 972 2667 Μητρός·
1000 2584 1197 2667 φυλάττεται
1224 2580 1307 2669 δδὴ

250 2711 278 2750 ιο
291 2687 428 2770 τοιαύτη
453 2690 618 2771 συνήθεια
640 2690 689 2753 ἔτι
708 2687 764 2752 καὶ
782 2698 847 2753 νῦν
864 2687 919 2753 καί
937 2689 1020 2752 κατὰ
1037 2690 1098 2754 τὸν
1114 2688 1309 2776 Νοέμβριον

290 2792 346 2858 καὶ
374 2793 584 2879 Δεκέμβριον
615 2797 692 2880 άχρι
724 2805 792 2858 τῶν
819 2791 1030 2878 αὐξιφωτίων
1057 2795 1308 2881 προσφέρουσιν

290 2898 374 2963 αὐτὰ
397 2911 467 2977 τοῖς
491 2901 645 2985 ἱερεῦσιν.
682 2901 719 2964 τὸ
742 2901 806 2986 γάρ
829 2899 899 2963 κατ’
922 2903 1028 2984 ὄνομα
1051 2905 1244 2986 χαιρετίζειν
1267 2902 1306 2968 ἐν

289 3015 360 3081 τοῖς
383 3009 608 3092 Βρουμαλίοις
635 3009 805 3093 νεωτερόν,
825 3004 908 3070 ἐστι·
939 3007 976 3071 τὸ
1004 3001 1043 3071 δέ
1070 3005 1305 3095 ἀληθέστερον,

289 3110 322 3189 ἔξ
346 3107 387 3176 οὗ
410 3112 464 3177 καὶ
487 3113 507 3197 ἡ
533 3111 688 3197 ἐκκλησία
711 3110 926 3197 ἀποτρέπεται
945 3112 1040 3196 αὐτά,
1063 3116 1209 3199 Κρονίας
1230 3114 1305 3200 ἑορ-

247 3244 273 3283 25
288 3219 346 3295 τὰς
378 3219 480 3296 αὐτὰς
511 3218 677 3302 λέγουσιν.
723 3217 761 3284 έν
790 3217 886 3284 νυκτὶ
918 3216 955 3284 δέ
987 3224 1153 3303 γίνονται,
1186 3222 1236 3286 ὅτι
1266 3221 1304 3288 έν

287 3327 397 3390 σκότει
420 3325 512 3392 ἐστίν
534 3325 552 3391 ὁ
571 3328 704 3412 Κρόνος
728 3328 772 3403 ὡς
794 3326 1019 3413 ταρταρωθεὶς
1041 3328 1106 3392 ὑπὸ
1128 3336 1187 3393 τοῦ
1205 3332 1303 3413 Διός,

286 3433 489 3497 αἰνίττονται
514 3428 551 3497 δέ
574 3434 634 3498 τὸν
658 3444 752 3498 σῖτον
775 3432 839 3497 άπὸ
863 3443 923 3498 τοῦ
946 3432 983 3499 ἐν
1008 3443 1047 3520 τῇ
1071 3444 1112 3519 γῇ
1135 3444 1302 3519 σπαρῆναι

284 3536 401 3602 καὶτὸ
429 3539 548 3604 λοιπὸν
575 3541 618 3622 μὴ
647 3540 862 3623 φαινομένου.
908 3549 1005 3605 τοῦτο
1037 3540 1077 3605 δέ
1103 3538 1193 3604 ἐστιν
1221 3540 1304 3626 άλη-

284 3643 447 3727 θέστερον
478 3646 524 3722 ὡς
556 3651 697 3730 εἴρηται,
736 3648 786 3711 ὄτι
823 3650 1022 3729 νυκτιπόρος
1055 3645 1076 3730 ἡ
1108 3644 1182 3731 περὶ
1214 3647 1302 3713 αὐτὰ

242 3776 269 3816 ιο
284 3751 425 3835 σπουδή,
445 3753 528 3818 ὥστε
546 3754 666 3817 λοιπὸν
683 3756 766 3818 κατὰ
785 3754 822 3818 τὸ
841 3751 965 3837 ἀληθὲς
982 3766 1051 3818 τῶν
1068 3758 1304 3836 καταχθονίων

283 3858 455 3942 δαιμόνων
477 3858 564 3925 είσὶν
587 3857 698 3944 ἑορταὶ
721 3862 761 3926 τά
783 3861 987 3945 Βρουμάλια,
