3074 4598
585 508 845 567 οωεεεοοωε
1177 519 1219 585 13

157 685 282 742 110aeth
312 671 365 737 27.
380 669 452 737 Ὅτι
480 669 534 737 ἐπὶ
561 679 621 737 τοῦ
642 675 887 755 Διοκλητιαυοῦ
909 677 929 762 ἡ
952 685 1040 741 πᾶσα
1062 687 1130 741 τῶν
1147 677 1253 746 ‘sta-s

210 783 319 867 μαίων
347 779 484 863 στρατιὰ
511 776 669 862 μυριάδες
697 771 740 859 ἦν
768 777 852 846 ὀκτὼ
879 780 935 848 καὶ
961 782 1138 868 τριάκοντα
1164 783 1219 850 καὶ

208 887 448 970 ἐννακισχίλιοι
470 881 526 948 καὶ
548 881 735 948 ἑπτακόσιοι
756 882 813 949 καὶ
834 886 997 974 τέσσαρες,
1020 889 1158 973 ναυτικὴ
1181 887 1220 956 δὲ

212 991 353 1074 δύναμις
376 987 397 1072 ἡ
421 986 475 1055 ἐπὶ
498 999 566 1053 τῶν
587 986 767 1074 ἐπικαίρων
788 995 920 1076 χωρίων
937 999 1147 1079 ναυλοχούσα
1165 993 1222 1062 ἐπί

208 1119 244 1162 τε
272 1105 343 1173 τοῖς
371 1104 532 1180 ποταμοῖς
561 1093 618 1161 ἐπί
641 1118 676 1160 τε
705 1102 744 1180 τῇ
770 1097 923 1184 θαλάσση
952 1101 1218 1187 τετρακισμύριοι
1245 1140 1258 1182 ⁶

207 1200 264 1269 καὶ
284 1204 547 1288 πεντακισχίλιοι
568 1199 624 1269 καὶ
649 1203 859 1268 πεντακόσιοι
886 1200 1042 1288 ἑξήκοντα
1068 1206 1217 1276 καὶδύο.

208 1310 260 1376 ὅτι
281 1310 366 1394 πρὸς
388 1318 510 1376 τοῦτον
536 1310 596 1375 τὸν
622 1305 769 1393 ἀριθμὸν
796 1307 814 1373 ὁ
842 1307 942 1393 μέγας
963 1313 1218 1393 Κωνσταυτῑνος

209 1413 264 1482 ἐπὶ
290 1425 348 1500 τῆς
377 1415 573 1500 ἀνατολικῆς
599 1417 766 1500 βασιλείας
791 1414 851 1480 τὸν
882 1417 1022 1501 στρατὸν
1050 1418 1217 1506 διέθηκεν,

208 1523 253 1601 ὡς
285 1521 398 1610 ἑτέρας
430 1524 592 1601 τοσαύτας
621 1522 784 1607 μυριάδας
818 1531 960 1608 στρατοῦ
990 1532 1218 1609 προστεθῆναι

209 1640 248 1719 τῇ
267 1630 429 1719 Ῥωμαϊκῇ
452 1634 593 1716 πολιτεί,
1231 1675 1258 1715 10

155 1746 195 1803 Er
212 1749 280 1818 Im
308 1739 361 1805 28.
381 1737 428 1804 ‘H
441 1736 517 1824 παρ’
535 1735 693 1820 Ἕλλησιν
710 1735 792 1821 ὀπτὴ
813 1739 956 1814 πλίνθος
978 1735 1324 1829 λατύρκουλονηθὼχῃ.

206 1846 296 1929 παρά
315 1843 486 1928 Ῥωμαίοις
508 1841 643 1926 λέγεται.
686 1837 728 1926 ἦν
745 1839 783 1908 δὲ
803 1847 948 1921 πλίνθος
972 1845 1128 1931 δημοσία,
1159 1845 1209 1932 ἐφ’

208 1945 249 2015 οὗ
275 1950 317 2015 τά
346 1973 382 2015 τε
410 1961 478 2015 τῶν
504 1953 694 2034 βουλευτῶν
719 1947 774 2014 καὶ
802 1950 843 2014 τά
869 1961 937 2016 τῶν
964 1955 1217 2038 στρατευμάτων

207 2054 354 2140 ὀνόματα
386 2053 609 2140 ἀπεγράφετο,
641 2052 696 2119 καὶ
731 2053 892 2140 ἐγράφετο
922 2053 975 2121 ἐπὶ
1009 2061 1138 2142 τείχους
1169 2063 1217 2138 είς

208 2162 418 2246 τετράγωνον
435 2169 542 2246 σχῆμα
559 2160 662 2236 τύπος
679 2183 730 2236 τις
746 2158 801 2224 καὶ
818 2162 950 2247 γραμμὴ
968 2166 1119 2240 πλίνθος.
1151 2168 1216 2230 τίτ-
1232 2201 1257 2242 1⁶

206 2273 269 2334 λον
290 2266 346 2333 καὶ
370 2265 476 2352 αὐτην
497 2291 584 2344 τινες
606 2265 826 2351 ὀνομάζουσιν
848 2266 910 2332 ούκ
932 2269 1066 2353 εἰδότες,
1088 2270 1133 2347 ὡς
1150 2273 1216 2335 τίτ-

207 2380 266 2451 λος
287 2377 412 2461 κυρίως
433 2373 454 2458 ἡ
476 2373 680 2459 προσφραφὴ
702 2382 769 2436 τῶν
790 2370 984 2458 ἀξιωμάτων
1005 2372 1147 2460 λέγεται,
1176 2375 1216 2442 ού

207 2481 274 2566 μην
287 2480 307 2563 η
321 2482 527 2565 τετράγωνος
540 2481 680 2564 γραμμή.
708 2479 747 2543 τδ
760 2489 827 2544 τῶν
841 2480 951 2545 ἀλλων
965 2482 1216 2567 στρατευμάτων
1228 2494 1255 2550 Χ

207 2587 353 2672 ὀνόματα
375 2584 430 2652 ἐπὶ
454 2585 589 2663 σανίδος
611 2583 830 2671 ἀπεγράφετο·
862 2583 990 2670 λέγεται
1014 2583 1051 2654 δὲ
1076 2590 1320 2675 παράΧΟεᾱιεο.

277 2831 301 2868 v.
322 2810 409 2869 11Ἦ
424 2809 492 2880 παρ’
512 2809 690 2882 Ἕλλησιν-
709 2815 743 2866 18
761 2812 871 2884 γραμμὴ
895 2811 994 2886 Georg.
1014 2814 1128 2872 cedron.
1145 2815 1212 2874 hist.

206 2901 295 2955 comp.
314 2902 341 2954 p.
361 2889 441 2955 298‚9
458 2883 559 2952 Rom,
587 2881 636 2952 qui
659 2887 693 2937 18
714 2881 750 2937 τά
766 2893 822 2939 τῶν
840 2883 1016 2942 ἄλλων-19
1034 2886 1211 2959 ἀπεγράφετο

207 2954 316 3011 omissis
343 2955 386 3010 ita
417 2954 523 3026 pergit:
554 2951 661 3025 λέγεται
687 2953 764 3022 παρὰ
785 2952 932 3025 Ῥωμαίοις
959 2959 1022 3013 ελο-
1039 2961 1075 3027 (p.
1100 2961 1211 3032 14,1)1

207 3025 418 3096 στρατευμάτων
428 3027 460 3082 Χ
472 3034 643 3095 στρατιωτῶν
662 3024 803 3080 Osannum
821 3029 933 3082 secutus
946 3027 997 3098 Rr,
1014 3045 1130 3152 quorum
1148 3047 1213 3085 oon-

207 3097 344 3152 iecturam
360 3096 550 3168 praesumpsit
567 3099 727 3165 excerptum
744 3095 910 3168 Parisinum,
929 3099 1005 3167 quod
1030 3098 1123 3170 egitur
1137 3102 1213 3171 apud

206 3166 332 3224 Boisson.
346 3167 452 3223 Anecd.
467 3185 507 3238 gr.
521 3168 542 3235 Ι,
557 3172 609 3221 420
623 3183 638 3221 e
653 3166 712 3221 οοδ.
727 3166 788 3222 Par.
803 3185 843 3237 gr.
855 3173 922 3223 12³1
933 3167 1052 3224 editum:
1066 3172 1130 3238 περὶ
1144 3170 1212 3241 χάρ-

206 3258 265 3293 του.
298 3235 340 3294 ὅτι
354 3237 381 3293 οἱ
395 3239 508 3309 ἀρχαῖοι
522 3237 553 3293 ἐν
565 3245 626 3299 ταῖς
640 3234 749 3292 σανίσιν
763 3237 896 3326 ἔγραφον,
915 3236 983 3294 ὅθεν
1002 3235 1080 3309 μέχρι
1095 3249 1144 3295 τοῦ
1159 3251 1212 3298 νῦν

207 3308 280 3364 ἔνθα
294 3307 453 3379 γράφονται
462 3307 496 3362 τὰ
505 3317 559 3363 τῶν
573 3315 744 3375 στρατιωτῶν
754 3309 878 3376 δυοματα
886 3306 1032 3377 ματρίκιον
1041 3310 1212 3381 ὀνομάζεται,

207 3377 223 3435 δ
241 3377 370 3448 σημαίνει
387 3380 419 3434 τὸ
437 3380 526 3433 πλατύ
544 3379 591 3433 καὶ
609 3380 684 3448 παχύ
702 3376 795 3446 ξύλον,
814 3378 892 3434 ἄλλοι
910 3377 941 3434 δὲ
959 3380 999 3443 είς
1017 3383 1132 3450 φλοιούς
1149 3380 1212 3440 δέν-

206 3453 281 3519 δρων
290 3453 381 3512 καλῶς
395 3447 596 3520 ἀποξεομένων.
619 3447 676 3503 δδὲ
685 3450 854 3518 Πτολεμαῖος
864 3449 933 3520 ἔχων
941 3447 1116 3542 Ἀρίσταρχον
1125 3472 1212 3525 γραμ-

228 3520 326 3577 ατικδν
351 3519 625 3645 συμμονλενσάμευον
647 3520 722 3592 αύτῷ
749 3517 888 3575 ἀπέστειλε
910 3530 1017 3589 πρῶτος
1043 3543 1149 3595 χαρτην
1174 3526 1214 3589 είς

211 3593 310 3662 Ράομηυ
328 3592 376 3647 καὶ
410 3589 516 3658 ξένισεν
534 3591 642 3684 ορύτρύς.
683 3591 831 3683 φθοηήσας
849 3590 880 3681 δὲ
898 3596 936 3666 τῷ
953 3589 1116 3668 Ἀριστάρχῳ
1135 3596 1211 3662 Κρά.

206 3662 681 3822 Ξίςειῖάῖῗίμὲἶὲἷῖςιῖᾧῗέάῖίε
697 3666 1212 3804 ίῖἷοὲιύῖλῖλῖἕιύιῗείῖδάῗλλῖλῗ

207 3808 253 3859 λαι
272 3805 359 3869 αύτὰς
378 3805 418 3869 είς
433 3806 542 3875 Ράμην·
562 3806 631 3859 οθευ
650 3805 689 3867 είς
706 3804 816 3875 μνήμην
834 3813 883 3860 τοῦ
903 3804 1116 3872 ἀποστείλαντος
1133 3807 1212 3880 μέχρι

206 3883 256 3932 τοῦ
275 3884 327 3933 νῦν
341 3876 521 3948 περγαμηνδις
537 3875 587 3939 τδις
604 3874 763 3948 μεμβράνας
779 3880 919 3933 καλοῦσιν.
