3074 4598
336 451 379 514 62
696 447 975 502 μωυαυωιυισε

295 620 322 674 Y
336 619 406 686 τοῖς
429 607 555 674 ἑαυτῶν
577 608 711 684 δούλοις
734 607 922 691 ἐδούλευον,
945 607 1033 684 ὅπως
1055 608 1099 692 μὴ
1121 618 1192 684 ταῖς
1210 605 1349 693 ἀληθεί-

337 739 390 791 αις
425 717 604 799 νεμεσητόν
638 738 671 778 τι
702 716 868 789 παθόντες
904 714 951 789 είς
987 714 1144 778 δουλείαν
1178 717 1350 798 πολεμίων

336 817 570 885 καταπέσωσιυ.

246 935 324 990 XYS
388 924 439 988 23.
453 922 665 1009 Ἐπινέμησιν
684 921 720 988 δδ
739 922 1011 1007 αὐτηνἝλληνες
1030 923 1065 988 ἐκ
1082 933 1141 990 τοῦ
1155 925 1406 1011 πρόγ-ΙλεΙΠ,16

311 1053 438 1115 εματος
465 1030 650 1115 ὠνόμασαν.
700 1027 751 1094 ἐπὶ
783 1032 847 1115 γδιρ
880 1033 966 1116 ζυγῷ
997 1032 1173 1115 γενόμενος
1203 1031 1220 1095 δ
1253 1032 1348 1115 ἥλιος

270 1146 326 1201 XY
340 1139 488 1203 δείκνυσι
518 1137 580 1221 την
609 1146 676 1201 τῶν
706 1147 843 1223 καρπῶν
871 1139 1041 1220 ποιότητα·
1077 1135 1144 1202 κατ’
1177 1137 1280 1222 αὐτὴν
1309 1135 1348 1203 δέ

338 1245 585 1330 φιλανθρώπως
620 1245 652 1308 οἱ
687 1244 788 1308 πάλαι
820 1244 899 1320 τοὺς
930 1246 1057 1328 φόρους
1088 1254 1157 1320 τοῖς
1188 1244 1348 1328 ὑπηκόοις

339 1348 511 1434 ἐπένεμον,
543 1351 587 1426 ὡς
614 1351 657 1434 μὴ
684 1351 772 1435 παρδι
802 1350 862 1433 την
889 1350 1017 1415 τούτων
1045 1349 1195 1415 ἐπίδοσιν
1222 1351 1348 1434 ἀσεβῶς

340 1457 471 1521 δοκοῖεν
497 1456 703 1542 βαρύνεσθαι
731 1457 763 1521 ολ
790 1457 1085 1541 φορολογούμενοι.
1129 1459 1262 1533 εἰκότως
1285 1451 1349 1522 οὖν

300 1587 326 1627 ιο
340 1561 444 1645 αὐτὴν
471 1559 662 1646 ἐπινέμησιν
689 1559 792 1627 οἱονεὶ
820 1563 983 1647 διανομήν
1012 1586 1087 1628 τινα
1116 1574 1183 1628 τῶν
1212 1564 1349 1647 δασμῶν

340 1666 506 1733 ἐκάλεσαν.
551 1669 591 1733 οὐ
618 1670 682 1755 γὰρ
711 1663 754 1752 ἦν
782 1667 886 1744 οὕτως
913 1668 1128 1753 ἀδυσώπητος
1154 1669 1174 1752 ἡ
1198 1681 1264 1734 τῶν
1288 1671 1349 1753 φό-

340 1798 410 1861 ρωυ
436 1775 603 1861 είσπραξις
625 1773 701 1841 οὐδ’
729 1774 892 1862 ὡρισμένη
920 1801 970 1852 τις
992 1776 1013 1859 ἢ
1036 1782 1163 1860 μᾶλλον
1185 1774 1349 1861 αὐξομένη

339 1882 420 1946 κατὰ
443 1885 577 1968 μικρόν,
604 1882 687 1948 ἀλλὰ
714 1883 796 1961 πρὸς
819 1883 856 1950 τὸ
879 1884 1033 1967 χρειῶδες
1055 1893 1122 1946 τῶν
1144 1880 1349 1946 ἀνακυπτόν-

299 1999 407 2054 Χτων
436 1998 506 2063 τοῖς
533 1996 713 2072 κρατοῦσιν
745 1985 883 2068 ἐγένετο.
928 1989 1030 2072 ταότη
1060 1983 1115 2051 καὶ
1148 1985 1348 2069 ἐπιτάγματα

301 2116 326 2156 ω
339 2093 418 2166 τοὺς
449 2094 576 2177 φόρους
608 2094 656 2155 ἔτι
686 2090 741 2154 καὶ
773 2101 838 2154 νῦν
864 2089 1012 2155 Ἀσιανοὶ
1044 2096 1211 2154 καλοῦσιν.
1266 2091 1349 2154 ὅθεν

341 2193 391 2258 ἐπ’
420 2196 551 2278 είρηνης
579 2194 849 2277 έναπονεμόντων
876 2192 930 2258 ἐπὶ
956 2200 1112 2258 πλεῖστον
1139 2191 1192 2257 καὶ
1220 2194 1257 2257 τὸ
1281 2199 1348 2257 λοι-

340 2299 406 2362 πὸν
429 2296 712 2381 συγχωρουμένων
740 2309 809 2373 τοῖς
838 2296 1007 2361 συντελέσι
1037 2309 1104 2360 τῶν
1122 2299 1252 2380 φόρων,
1282 2322 1349 2361 τοι-

342 2411 426 2466 αῦτα
452 2413 524 2477 ταῖς
549 2404 665 2467 πόλεσι
691 2401 882 2485 περιγέγονε
904 2403 1095 2484 θαυμαστοί,
1119 2402 1241 2484 λουτρὰ
1265 2400 1348 2483 λέγω

342 2506 397 2572 καὶ
429 2505 547 2593 ἀγοραὶ
582 2505 637 2572 καὶ
673 2506 805 2572 ὑδάτων
842 2505 933 2572 ὁλκοὶ
965 2509 1102 2591 ἄπειρον
1135 2506 1349 2591 εὐδαιμονίαν

303 2641 330 2681 ω
343 2625 410 2678 τῶν
433 2615 615 2698 οἰκητόρων
637 2615 859 2698 κηρόττοντες.

413 2824 438 2860 v.
465 2813 482 2860 4
509 2805 550 2861 ότι
579 2805 736 2877 ἐπινέμησις
763 2806 896 2862 ἐντεῦθεν
924 2806 1030 2896 εἴρηται
1062 2827 1118 2876 παρ
1122 2805 1269 2875 κόλλησιν
1304 2807 1348 2861 ἐπὶ

342 2881 398 2931 κτλ.
418 2878 451 2946 Y,
470 2876 578 2947 ἕλληνες
597 2876 627 2930 δέ
642 2876 802 2947 ἐπινέμησιν
817 2877 846 2931 ἐκ
861 2886 910 2930 τοῦ
924 2877 1132 2947 πρόγματος-
1147 2877 1352 2946 δπυιότηταδ

344 2948 457 3012 δζέπλ
443 2951 513 3037 ζυγῶ
532 2948 584 3019 γὰρ
605 2950 631 3001 Β
656 2951 660 3018 Ι
686 2947 830 3017 γινόμενος
853 2949 908 3001 ΥΛ
988 2949 1195 3019 δβαρόνεσδαι
1213 2949 1298 3018 τυχὸν
1315 2949 1348 3001 υό

343 3004 578 3144 φορολομοόμενρι
593 3020 762 3100 (φοραλογοό
764 3038 841 3089 μενοι
851 3020 932 3144 1122(
926 3020 1124 3112 βαρύνεσθαι
1139 3039 1165 3073 οι
1158 3019 1348 3089 φορολογοό-

344 3109 421 3159 μενοι
499 3094 503 3161 Ι
533 3087 584 3144 οὖν
603 3089 680 3144 omis.
701 3092 731 3144 X
835 3097 851 3144 9
884 3087 1080 3172 πινέμησις*
1050 3111 1100 3145 ουν
1124 3091 1209 3145 ολουελ
1229 3089 1347 3159 διανομὴ

344 3163 467 3231 δασμῶν·
488 3161 592 3232 οὐγὰρ
616 3163 644 3215 Υ
714 3168 746 3215 14
765 3159 878 3232 ἐγίνετο
916 3161 1024 3230 reliqua
1042 3162 1143 3215 desunt
1165 3162 1193 3214 Υ
1276 3219 1280 3227 ,
