3074 4598
683 523 888 582 PRAEFATIO
1213 533 1289 589 LVII

279 696 393 774 guntur
409 711 437 767 p.
456 693 509 765 46,
529 691 603 749 nur
625 710 641 748 e
664 688 814 750 codicibus
836 693 1013 753 recensionis
1030 693 1057 753 X
1075 696 1178 770 petite
1222 702 1288 760 turn

279 783 381 843 eutem
408 779 444 838 eb
470 780 509 839 iis
537 797 615 855 quus
640 784 865 854 praecesserunt
891 781 1069 843 editionibus
1095 782 1229 860 discrepo
1255 787 1288 846 in

279 868 460 930 collocandis
477 869 515 927 iis
533 866 721 945 fragmentis,
744 885 821 942 quse
839 867 906 929 inde
925 889 943 929 n
961 871 1016 947 ΠΙ,
1036 871 1129 932 17Rr
1145 872 1288 950 leguntur

278 976 375 1034 usquo
397 956 435 1016 sd
457 956 547 1015 finem
570 954 638 1014 libri
662 954 752 1014 tertii
790 955 927 1032 opinatus
946 961 1024 1019 enim
1045 963 1110 1020 erut
1127 960 1288 1037 Sohowius,

278 1047 388 1107 adiisse
415 1043 580 1104 Plunudem
608 1043 704 1104 solum
733 1045 830 1120 operis
856 1048 1038 1121 prooemium
1068 1053 1098 1109 et
1123 1049 1287 1130 neglexisse

277 1153 399 1215 prorsus
427 1133 538 1193 librum
569 1136 709 1210 quartum
738 1150 757 1191 s
782 1132 945 1194 Laurentio
977 1136 1012 1196 de
1041 1139 1189 1199 mensibus
1218 1157 1287 1199 con-

277 1225 429 1301 scriptunn
476 1222 556 1301 quod
580 1222 749 1283 Schowium
770 1221 850 1280 haud
871 1227 950 1283 recte
973 1224 1076 1287 fecisse
1097 1227 1159 1288 iem
1175 1227 1287 1289 Hosius

277 1314 397 1375 monuit
424 1304 541 1394 (comni
566 1333 594 1390 p.
615 1304 711 1394 XLI):
741 1313 843 1388 aperte
870 1311 948 1371 enim
974 1312 1079 1373 horum
1105 1316 1286 1396 fragmento-

275 1423 345 1464 rum
368 1403 521 1480 complure
544 1399 716 1480 conspirent
739 1418 806 1460 cum
827 1400 878 1476 iis,
902 1419 980 1477 quse
1002 1401 1078 1464 libro
1102 1408 1210 1480 quarto
1232 1407 1286 1466 tri-

276 1494 451 1552 buunture
478 1491 629 1553 codicibus
656 1489 784 1550 uberum
810 1490 1024 1566 recensionum3
1050 1491 1180 1552 Roether
1205 1513 1285 1570 vero,

277 1583 414 1660 quemvis
436 1582 468 1641 id
491 1581 528 1642 ab
546 1581 641 1640 Hesio
663 1579 737 1638 bene
759 1579 905 1638 monitum
923 1597 987 1639 esse
1003 1580 1204 1657 intellexisset,
1228 1584 1286 1644 dis·

274 1672 455 1751 positionem
483 1691 501 1730 e
530 1669 666 1730 Schowio
692 1669 861 1728 institutum
887 1673 1003 1729 mutare
1030 1688 1117 1730 susus
1143 1689 1204 1731 non
1231 1674 1286 1746 est,

276 1781 315 1822 ne
339 1781 393 1820 sua
416 1761 453 1820 ab
470 1760 553 1820 illius
571 1759 660 1820 nimis
680 1758 812 1818 differret
829 1758 918 1818 editio
939 1752 1044 1840 (praef.
1057 1779 1086 1836 p.
1100 1753 1170 1843 1X):
1193 1759 1286 1820 idem-

276 1868 335 1926 que
358 1849 545 1910 commissum
570 1867 632 1908 esse
656 1867 674 1908 e
695 1848 832 1907 Bellero
854 1866 913 1908 non
934 1848 1096 1909 miraberis.
1137 1867 1192 1928 ego
1214 1868 1285 1910 vero

276 1937 338 1998 suis
361 1937 434 1996 locis
457 1935 661 1997 distribuendo
683 1938 757 1997 haec
775 1937 885 2011 curavi,
907 1938 987 2014 quod
1005 1937 1124 1998 difficile
1142 1957 1202 1998 non
1220 1941 1286 1999 eret

275 2026 490 2085 sententiarum
513 2026 545 2083 et
566 2044 666 2084 rerum
690 2028 886 2085 tractatarum
912 2045 1019 2085 nexum
1046 2027 1226 2088 observanti:
1255 2032 1286 2088 et

272 2115 319 2174 ite
341 2113 455 2173 fuctum
478 2115 532 2186 est,
554 2113 644 2171 utin
666 2112 775 2172 librum
794 2117 932 2188 quartum
951 2114 1088 2175 editionis
1105 2116 1287 2175 referrentur

272 2202 330 2276 111,
351 2204 479 2262 17-43
504 2203 535 2260 et
554 2201 746 2261 46—51Rr.
764 2200 944 2277 reliquorum
963 2205 1065 2262 eutem
1081 2206 1284 2281 puregrepho-

273 2312 342 2351 rum
366 2293 407 2350 44
432 2294 462 2349 et
484 2290 526 2349 45
555 2290 632 2350 libro
659 2289 749 2350 tertio
778 2289 971 2350 vindicandos
1000 2309 1062 2352 esse
1090 2291 1190 2352 docuit
1216 2312 1284 2353 con·

274 2398 379 2441 sensus
404 2379 455 2457 qui
479 2378 582 2438 existit
609 2398 677 2439 oum
700 2378 799 2439 codice
824 2377 856 2438 S:
884 2398 943 2456 que
965 2398 997 2439 re
1024 2381 1137 2440 fectum
1164 2384 1222 2456 est,
1248 2384 1284 2442 ut

271 2471 319 2529 ed.
338 2489 368 2544 p.
382 2469 434 2542 48,
445 2470 534 2544 dsqq.
553 2468 701 2547 legentur.
735 2467 783 2527 III
798 2468 838 2526 52
849 2467 891 2527 Rr
907 2468 1099 2529 inveniuntur
1112 2470 1155 2529 ed
1168 2490 1198 2546 p.
1210 2474 1283 2546 181,

275 2560 380 2633 6sqq.,
401 2559 437 2615 ut
458 2575 535 2633 quse
558 2557 621 2616 sint
639 2575 654 2614 e
671 2555 747 2616 libro
766 2556 803 2614 de
821 2557 944 2617 ostentis
961 2557 1065 2633 petits,
1089 2577 1154 2618 curn
1173 2559 1281 2620 11153

272 2645 417 2706 hocloco
438 2644 515 2703 nibil
542 2645 581 2704 ed
603 2663 658 2704 nos
680 2645 858 2722 pertineant,
882 2645 993 2723 quippe
1016 2665 1092 2723 quse
1113 2665 1173 2707 non
1196 2668 1212 2708 e
1235 2668 1282 2709 co·

273 2733 388 2794 dicibus
408 2733 445 2808 Y,
467 2733 520 2792 sed
543 2753 559 2792 e
582 2732 682 2794 codice
703 2734 866 2795 Barberino
889 2734 1015 2794 oriunda
1037 2736 1105 2796 sint.

342 2820 481 2882 Ceterum
502 2840 624 2883 monere
641 2823 740 2898 licent,
761 2822 808 2882 ΙΠ
826 2826 876 2883 44.
895 2824 990 2883 rtur
1008 2816 1050 2906 (p.
1065 2826 1118 2899 48,
1132 2830 1150 2887 6
1166 2819 1226 2909 ed)
1243 2847 1282 2887 ne

270 2912 304 2972 in
327 2911 475 2972 codicibus
495 2912 616 2988 quidem
634 2931 687 2973 suo
705 2913 770 2973 loco
789 2913 913 2991 scriptus
932 2932 1004 2990 esse,
1026 2915 1077 2975 sed
1095 2919 1194 2976 extare
1212 2919 1283 2992 post

271 2997 385 3082 ἄρρητα
411 3000 484 3078 ῥητά
509 3001 543 3060 in
569 3001 628 3061 fine
654 3001 723 3061 libri
750 3001 881 3061 ulterius.
929 3005 1083 3079 praeterea
1110 3008 1223 3080 autern,
1249 3005 1282 3064 id

272 3089 354 3166 quod
378 3109 394 3149 e
416 3089 566 3166 prioribus
591 3089 769 3150 editionibus
792 3091 964 3150 concludere
986 3110 1047 3151 non
1067 3092 1184 3169 licebat,
1211 3097 1282 3170 post

271 3173 423 3255 διαμένειν
444 3174 559 3254 πέφυκε
582 3171 644 3259 (ΙΠ
663 3181 704 3238 52
723 3181 795 3238 extr.
813 3171 870 3260 Rr)
891 3178 989 3239 brevis
1011 3178 1059 3239 hic
1077 3181 1108 3241 in
1131 3181 1280 3241 codicibus

272 3264 422 3325 OEFGN
444 3266 580 3342 sequitur
600 3268 760 3326 tractatus:

341 3350 385 3413 ὅτι
409 3351 599 3435 ἰαννουάριος
621 3353 732 3434 εἴρηται
755 3351 887 3414 ἀπὸτοῦ
910 3352 997 3415 ἰανοῦ
1020 3360 1094 3418 θεοῦ
1113 3373 1205 3431 τινος·
1229 3379 1281 3437 φε-

270 3441 431 3523 βρουάριος
445 3487 963 3503 ........................
978 3443 1097 3524 μάρτιος
1132 3444 1190 3507 ἀπὸ
1226 3454 1280 3507 τοῦ

270 3527 377 3609 ἅρεως·
401 3529 510 3610 μάρτεμ
532 3531 588 3612 γάρ
612 3546 704 3608 φασιν
726 3530 778 3592 τὸν
796 3527 883 3611 ἅρην·
907 3529 1056 3595 ἀνάκειται
1074 3526 1129 3595 οὖν
1148 3543 1188 3595 τῶ
1206 3532 1279 3616 dcet.

270 3616 422 3697 ἀπρίλλιος
450 3615 483 3679 δὲ
513 3617 605 3680 οἱονεὶ
632 3616 790 3700 ἀπερίλιος·
821 3616 937 3701 &reptos
963 3620 1018 3702 γὰρ
1044 3621 1077 3684 τὸ
1103 3621 1231 3697 ἀνοῖξαι·
1262 3621 1279 3684 d

269 3705 436 3780 ἀνοικτικὸς
458 3715 511 3768 τοῦ
534 3706 633 3785 ἔαρος·
656 3705 806 3768 ἀνάκειται
824 3705 856 3768 δὲ
872 3718 907 3788 τῆ
926 3708 1077 3790 ἀφροδίτη.
1115 3711 1201 3790 μάϊος
1218 3709 1278 3773 ἀπὸ

268 3804 323 3857 τοῦ
346 3796 471 3875 μαϊάὸος
492 3794 598 3878 spuo,
622 3787 645 3857 d
667 3794 717 3857 καὶ
739 3795 897 3877 ἀνάκειται,
922 3795 963 3872 ὦς
984 3798 1026 3871 εἰς
1048 3799 1135 3879 τιμὴν
1156 3810 1208 3880 τῆς
1230 3822 1278 3882 γε·

269 3885 393 3966 ρουσίας
415 3883 559 3958 τεθέντος.
605 3885 718 3958 ιὀύνιος
741 3882 773 3947 δὲ
796 3885 912 3959 εἰκότως
936 3884 952 3948 ὅ
975 3888 1044 3966 μετὰ
1061 3888 1113 3951 τὸν
1130 3889 1172 3963 εἰς
1190 3888 1279 3968 τιμὴν
