3074 4598
577 498 686 552 imm
704 496 842 554 pamm
1173 508 1214 574 11

204 665 373 749 ὑπηκόους
390 661 616 746 προγράφειν·
640 659 722 724 ὅθεν
738 658 796 726 καὶ
813 663 916 729 Ama
938 663 959 747 ἡ
977 663 1242 751 Ἱερουσαλημ·11

203 768 345 854 καὶγὰρ
370 766 471 843 αὐτὸς
494 764 600 847 αὐτὴν
623 763 770 829 ἁλοῦσαν
792 765 953 837 έπόλισεν.

151 885 276 945 deestitr
300 873 350 938 19.
362 871 434 938 Ὅτι
453 871 574 953 Ὑπαίτη
593 869 776 954 ὠνομάζετο
798 877 962 962 πρότερον
982 876 1003 960 ἡ
1024 877 1249 963 Θ<ε>ονίκη8

151 995 220 1062 RrI,
229 996 261 1048 18
294 981 346 1046 20.
361 977 433 1045 ’Ότι
452 980 544 1044 ίδιον
561 974 613 1042 ἀεὶ
627 974 743 1060 γέγονε
755 988 825 1042 τῶν
841 977 1019 1066 ἀρχιερέων
1036 984 1098 1068 τὴν
1109 996 1267 1069 κεφα-ΧΒ

207 1087 269 1171 λην
292 1085 426 1151 σκέπειν
448 1083 469 1168 ἦ
494 1083 685 1168 διαὸεσμείν
705 1086 831 1169 ταινίᾳ·
857 1083 1030 1155 καὶτοῦτο
1054 1091 1157 1174 δῆλον
1179 1089 1216 1157 ἐκ
1242 1113 1255 1154 ε

206 1202 266 1260 τοῦ
288 1190 385 1278 μέχρι
408 1193 552 1277 τήμερον
575 1191 637 1275 τὴν
658 1197 718 1255 τοῦ
740 1187 818 1255 καθ’
846 1189 930 1275 ἡμᾶς
947 1191 1122 1280 ἀρχιερέως
1144 1211 1249 1267 ται-8

205 1302 283 1366 νίαν
305 1309 376 1376 τοῖς
399 1300 502 1384 ὤμοις
529 1296 634 1363 αὐτοῦ
655 1294 874 1382 περιθέσθαι,
900 1298 960 1380 τὴν
986 1300 1031 1375 ὡς
1052 1303 1138 1386 ἔφην
1160 1301 1214 1370 ἐπὶ

207 1415 264 1490 τῆς
292 1412 439 1492 κεφαλῆς
470 1403 651 1490 τιθεμένην
676 1394 790 1469 πολλαί·
823 1404 868 1480 ὡς
894 1403 1137 1492 ῒκαικαφόριον
1166 1411 1215 1475 ἔτι

85 1594 88 1601 ¹
204 1511 259 1580 καλ
282 1523 347 1580 νῦν
369 1520 555 1581 καλεῖσθαι.

172 1638 205 1688 19
272 1622 324 1687 21.
340 1620 411 1688 Ὅτι
435 1621 453 1689 ὁ
475 1625 619 1704 Νουμᾶς
636 1618 697 1701 τὴν
709 1619 887 1703 βασιλικὴν
905 1617 1027 1705 ἐσθῆτα
1046 1621 1092 1697 είς
1110 1621 1208 1704 τιμὴν
1216 1634 1267 1690 XS

195 1729 315 1796 Ἡλίου
342 1727 397 1795 καλ
416 1726 617 1813 Ἀφροδίτης
640 1725 676 1792 ἐκ
696 1724 874 1812 πορφύρας
897 1723 951 1791 καλ
973 1729 1094 1793 κόκκον
1115 1749 1212 1792 κατα·
1225 1750 1252 1790 u

201 1835 418 1915 σκευάζεσθαι
441 1834 647 1900 διετύπωσεν
669 1869 711 1880 -
733 1831 789 1898 καὶ
813 1833 944 1899 Βλιίττα
969 1832 1020 1918 δέ,
1048 1831 1080 1912 ἐξ
1106 1828 1146 1916 ἧς
1172 1834 1212 1899 τὰ
1231 1843 1250 1898 S

200 1942 337 2028 βλάττια
370 1939 527 2024 λέγομεν,
559 1941 665 2022 ὄνομα
689 1936 891 2024 Ἀφροδίτης
922 1936 990 2004 έστλ
1021 1941 1102 2005 κατὰ
1134 1942 1212 2017 τοὺς

202 2048 373 2128 Φοίνικας,
397 2046 442 2121 ὡς
464 2044 482 2111 ὁ
505 2043 645 2128 Φλέγων
667 2042 704 2108 έν
725 2052 772 2131 τῷ
795 2041 872 2130 περὶ
891 2043 1013 2128 ἑορτῶν
1031 2063 1122 2130 φησι.
1161 2047 1211 2112 ὅτι

200 2153 402 2238 τριακοσίοις
417 2149 517 2234 ἐγγὺς
531 2150 695 2235 ὀνόμασιν
712 2149 911 2235 εὑρίσκομεν
927 2150 1133 2236 καλουμένην
1150 2152 1212 2235 τὴν
1225 2173 1252 2215 ιι

199 2258 411 2343 Λφροδίτην,
439 2268 544 2324 κεῖται
573 2253 611 2322 δέ
637 2257 724 2342 παρὰ
755 2258 909 2339 Λαβεῶνι
935 2258 975 2321 τὰ
1001 2257 1144 2342 ὀνόματα
1166 2293 1211 2306 -·

198 2361 337 2442 καλέσας
360 2364 466 2448 αὐτὴν
488 2364 551 2448 τὴν
579 2362 700 2446 στολὴν
721 2365 869 2449 πατρίως
890 2366 1063 2449 τραβαίαν,
1090 2362 1133 2446 ἣν
1158 2361 1210 2429 λε’-
1223 2374 1250 2430 Χ

198 2493 289 2554 γεται
311 2482 443 2556 πρῶτος
465 2470 484 2538 ὁ
498 2469 705 2552 Ἀγαθοκλῆς
722 2467 741 2535 ὁ
756 2469 961 2553 Σικελιώτης
978 2469 1096 2554 εὑρεῖν.
1132 2493 1209 2555 τρα-

198 2578 277 2659 βαία
299 2572 337 2640 δέ
360 2583 488 2662 εἴρηται
512 2572 634 2641 ὡσανεὶ
656 2577 832 2660 τρίβαφος·
860 2573 896 2640 ἐκ
920 2586 1021 2661 τριῶν
1042 2577 1106 2660 γὰρ
1129 2575 1209 2642 ἀπο-

197 2686 336 2748 τελεῖται
355 2683 550 2769 χρωμάτων,
568 2680 754 2767 πορφύρας,
776 2682 899 2746 κόκκου
917 2678 971 2746 καὶ
990 2682 1134 2758 ίσατίὸος
1151 2686 1208 2767 βο-
1223 2705 1249 2745 ιο

265 2945 292 2982 v.
312 2934 346 2982 14
368 2927 560 2998 fragmentum
579 2925 742 2998 Phlegontis
764 2924 902 2980 Tralliani
925 2925 977 2980 reli
997 2927 1051 2982 uiis
1069 2929 1132 2996 περὶ
1150 2938 1207 2985 τῶν

195 2996 338 3125 ινιτ
351 2995 977 3138 ..ιικατειεοικικςκι.
999 2997 1134 3139 ιτς

264 3315 289 3350 v.
309 3302 326 3351 3
344 3300 419 3352 θ.ο
438 3296 502 3367 νίκη
527 3296 550 3352 S
572 3295 691 3366 Θεονίκη
715 3295 815 3367 scripsi
907 3295 980 3352 4ὅτι
995 3297 1072 3352 omis.
1087 3298 1119 3353 X
1139 3299 1144 3371 Ι
1169 3299 1204 3356 cf.

194 3367 263 3438 Lyd.
283 3368 318 3422 de
335 3384 410 3439 mag.
425 3368 465 3437 H,
479 3374 510 3424 4:
533 3367 585 3436 τήν
607 3386 637 3422 τε
659 3366 784 3437 κεφαλὴν
807 3366 902 3422 imm
925 3368 960 3442 <t
979 3367 1141 3442 ἀρχιερεὺς)
1160 3369 1202 3425 δι’

195 3438 228 3502 ἃς
246 3438 277 3494 ἐν
295 3447 329 3510 τῇ
347 3436 486 3511 ηραφείση
509 3458 557 3509 μοι
579 3439 642 3506 περὶ
665 3447 759 3508 μηνῶν
777 3435 951 3515 πραγματείᾳ
975 3438 1141 3495 ἀποδέδωκα
1160 3441 1204 3496 nl-

194 3507 262 3573 τίας.
336 3512 453 3581 ὅδῆλον
472 3510 503 3565 ἐκ
522 3519 578 3565 τῶν
595 3507 721 3565 λατίναν.
745 3513 798 3565 cet.
818 3509 875 3565 des.
894 3510 926 3565 X
1009 3515 1025 3565 8
1044 3509 1204 3582 κεφαληφό-

195 3588 273 3650 ριονλ
357 3587 391 3636 10
411 3581 426 3636 ὁ
445 3580 477 3636 δὲ
500 3586 712 3650 vovum-12
733 3580 914 3636 διετύπωσεν·
941 3578 1009 3637 ὅθεν
1031 3583 1080 3637 καλ
1102 3581 1204 3653 βλάττα

194 3651 329 3725 (βλάπτον
343 3652 383 3723 Β)
402 3651 492 3722 ὄνομα
511 3649 666 3722 ἀφροδίτης
684 3649 827 3707 invinent&
845 3652 910 3715 τοὺς
928 3651 1070 3722 φοίνικας,
1088 3650 1205 3716 καλέσας

195 3727 250 3793 (17)
269 3724 301 3778 X
325 3726 330 3794 Ι
351 3722 366 3778 ὁ
381 3722 413 3779 δὲ
428 3727 594 3794 Νουμᾶς-
607 3740 634 3792 p.
650 3728 714 3792 12,2
731 3719 825 3791 Ἀρεος
842 3723 1006 3778 Lambecius
1024 3724 1054 3778 in
1069 3722 1205 3780 Codinum

193 3812 220 3864 p.
237 3799 288 3848 154
301 3809 361 3848 nro.
377 3801 420 3863 31,
435 3794 485 3865 qui
500 3812 564 3850 cum
575 3794 607 3849 X
619 3792 758 3849 consentit
770 3796 968 3865 praeterquam
981 3795 1056 3866 quod
1069 3814 1093 3851 v.
1105 3800 1138 3850 17
1151 3794 1204 3865 τὴν

195 3864 303 3920 omittit
316 3868 346 3920 et
359 3884 383 3920 v.
400 3872 442 3921 17.
459 3872 492 3922 18
511 3863 641 3936 τραβέαν,
659 3862 763 3938 τραβέα
778 3863 884 3920 scribit.
