3074 4598
545 515 654 572 LIBER
673 514 849 580 QUARTUS.
876 515 990 571 MAIUS
1206 513 1269 578 129

260 685 390 765 κινήσει
419 683 483 766 γὰρ
510 687 571 744 τοῦ
601 677 809 759 ὑποβρυχίου
837 676 958 756 όόατος
986 681 1139 761 γίνεσθαι
1167 674 1308 740 σάλονΧ

262 799 333 864 τοῖς
361 787 560 871 φιλοσόφοις
589 781 693 846 δοκεῖ·
724 782 837 867 πρώτη
869 781 907 850 δὲ
938 783 1033 869 ἑορτῆ
1063 792 1123 850 τοῦ
1152 780 1269 847 Μαΐου
1379 770 1381 774 ’

263 893 352 977 παρὰ
375 891 543 976 Ῥωμαίοις
570 886 605 950 αἰ
631 881 708 969 περὶ
736 898 880 968 σεισμῶν
907 891 1031 958 λαετίαι.
1075 887 1178 973 ταάτη
1204 884 1268 971 γὰρ

255 998 433 1072 Ἄτλαντος
458 993 563 1060 παῖδα
588 991 650 1074 τῆν
672 994 790 1055 Μαῖαν
816 993 848 1056 οἰ
875 995 1013 1077 μυθικοί
1038 1004 1186 1074 ποιοῦσι,
1212 988 1268 1055 καί

261 1107 388 1188 ἔφορον
409 1097 448 1166 δὲ
468 1108 537 1163 τῶν
559 1095 693 1162 ὑδάτων
719 1095 779 1162 τὸν
796 1095 920 1183 Ἑρμῆν
945 1097 1031 1168 εἶναι
1056 1096 1267 1191 παραλαμβά-
1293 1120 1307 1162 ο

261 1230 373 1291 νομεν,
396 1202 451 1270 καί
474 1204 531 1270 διά
549 1204 674 1286 ταύτην
691 1203 754 1286 τῆν
775 1203 885 1269 αἰτίαν
905 1203 942 1270 ἐν
958 1218 1027 1284 τοῖς
1044 1209 1147 1277 αὐτοῦ
1165 1200 1266 1287 πηγαί

260 1311 474 1376 ἀνατίθενται
505 1308 526 1394 ῆ
559 1307 686 1395 φρέατα
717 1307 896 1393 ὀρύττεται.
941 1309 1004 1376 εἰσί
1033 1309 1070 1378 δὲ
1098 1316 1134 1380 οί
1162 1328 1266 1396 φασιν

260 1415 346 1492 Διὸς
372 1413 428 1480 καί
449 1418 564 1494 Μαίας
591 1417 650 1481 τὸν
668 1413 793 1502 Ἑρμῆν
819 1410 904 1481 εἶναι
931 1415 1153 1503 άλληνορικῶς
1178 1418 1265 1501 υἰόν,

260 1527 347 1586 νοῦν
376 1517 439 1606 μὲν
468 1516 557 1587 εἶναι
588 1522 648 1586 τὸν
673 1524 756 1605 Δία,
788 1523 905 1587 Μαῖαν
936 1518 974 1588 δὲ
1001 1524 1062 1606 τὴν
1091 1527 1264 1610 φρόνησιν,

258 1627 363 1692 παῖόα
385 1623 422 1692 δὲ
445 1625 478 1707 ἐξ
501 1627 627 1713 ἀμφοῖν
642 1625 766 1712 Ἑρμῆν
788 1630 903 1712 λόγιον
921 1630 1148 1716 αἰνιττόμενοι.
1182 1628 1264 1693 πάν·
1277 1655 1305 1695 ιο

262 1756 330 1797 των
353 1730 389 1798 δὲ
411 1736 577 1801 νεώτατον
599 1735 810 1820 εἰργάσαντο,
837 1736 893 1802 άτε
916 1737 956 1821 δὴ
979 1739 1022 1822 μῆ
1044 1739 1265 1824 γηράσκοντος

260 1847 321 1907 τοῦ
344 1843 458 1924 λόγου·
482 1842 531 1906 ἔτι
553 1842 621 1928 μῆν
644 1841 813 1909 ὠκύτατον
834 1847 1026 1928 πεποίηνται
1048 1855 1166 1912 τοῦτον
1187 1865 1264 1927 ταρ·

260 1946 425 2023 σώσαντες
441 1960 585 2035 πτεροῖς,
603 1957 666 2014 νοῦ
685 1947 824 2033 ὀξύτητα
841 1948 896 2015 καί
909 1952 1005 2036 τάχος
1018 1954 1120 2036 λόγου
1133 1951 1193 2018 -όιίι
1206 1957 1264 2034 τῆς

257 2054 391 2119 τοιοῖσδε
417 2053 532 2139 τέχνης
559 2054 790 2140 αἰνιττόμενοι.
834 2056 853 2122 ὁ
880 2065 965 2139 γοῦν
990 2062 1125 2145 ποιητῆς
1146 2075 1263 2142 φησιν·

303 2229 312 2256 ⁸
560 2161 639 2226 ἔπεα
661 2162 848 2246 πτερόεντα,
1275 2181 1304 2223 ιο

257 2255 314 2297 m
559 2300 637 2368 ὡσεί
659 2303 782 2389 πτερὸν
802 2301 840 2387 ῆί
862 2306 968 2390 νόημα
1274 2239 1301 2294 R

257 2404 328 2476 εἰτα
360 2405 398 2475 (λί
427 2410 638 2495 τετράγωνον
671 2411 809 2494 σχῆματι
833 2407 989 2495 Ἕλληνες
1020 2411 1301 2480 άναπλάττουσιΧ

242 2505 392 2601 τοῦτον,
421 2519 598 2603 τεκμῆριον
624 2513 781 2599 μέγιστον
806 2520 1022 2602 παρεχόμενοι
1048 2522 1149 2603 λόγον
1175 2511 1260 2582 εἶναι

256 2629 388 2707 τοῦτον,
417 2619 472 2687 καί
502 2625 606 2706 λόγον
632 2619 751 2706 ἀληθῆ.
796 2624 865 2688 ἔστι
892 2624 954 2709 γάρ
981 2623 1034 2690 καί
1060 2628 1163 2707 λόγου
1185 2624 1260 2707 σχῆ
1274 2649 1301 2689 ιο

254 2751 352 2814 ματα,
369 2724 463 2815 ὁμὲν
475 2728 600 2812 ψευδὴς
615 2729 730 2811 λόγος.
741 2776 795 2813 ...,
814 2727 831 2795 ό
846 2724 883 2795 δὲ
897 2728 1059 2813 ἀπατηλὸς
1070 2730 1259 2814 πολυγανό-

326 2868 351 2904 τ,
367 2856 399 2904 15
418 2849 498 2904 Ηοαι
516 2847 548 2904 Π.
567 2848 593 2902 A
608 2854 658 2904 201
679 2853 708 2904 et
724 2850 830 2920 passim
902 2855 934 2904 17
954 2849 1003 2906 Od.
1021 2873 1039 2922 η
1058 2857 1092 2907 36

326 2962 382 3011 τό
401 2953 657 3028 παραλαμβάνομεν
675 2957 710 3026 A,
732 2955 818 3012 πάλαι
835 2955 1010 3082 λαμέάνομεν
1027 2959 1101 3030 Α,Β
1171 2960 1186 3007 ῖ
1206 2955 1258 3009 εἰσί

254 3024 287 3082 δὲ
306 3025 339 3081 οἰ
347 3057 382 3068 -
397 3032 431 3081 20
449 3024 533 3098 λόγον
551 3026 647 3098 ἀληθῆ
660 3026 825 3083 Lambecius
838 3027 868 3082 in
908 3027 952 3084 od.
966 3046 992 3099 p.
1004 3034 1054 3083 153
1067 3045 1108 3083 nr.
1123 3032 1165 3095 29,
1184 3024 1218 3080 cf.
1232 3024 1258 3078 R

253 3096 274 3153 f.
289 3103 330 3153 6²:
348 3098 397 3154 τὸν
416 3096 502 3168 ἑρμῆν
521 3098 549 3154 οἰ
567 3094 677 3167 ἕλληνες
693 3098 742 3153 ταὶ
760 3098 788 3154 ολ
804 3099 897 3154 λοιποὶ
913 3108 968 3154 τῶν
986 3096 1108 3170 ἀρχαίων
1121 3093 1192 3154 κατὰ
1205 3095 1256 3164 τὴν

254 3167 348 3224 αἰτῶν
370 3165 584 3238 πεπλανημένην
608 3165 759 3239 θεολογίαν
783 3168 847 3224 υἱὸν
871 3168 933 3231 διὸς
958 3166 1064 3239 λέγουσι
1088 3171 1136 3224 καί
1159 3163 1255 3235 μαίας·

255 3239 317 3302 διὸς
335 3238 385 3307 μὲν
403 3235 465 3295 οἷον
482 3248 532 3294 τοῦ
550 3247 611 3308 νοῦ,
629 3236 714 3308 μαίας
732 3235 763 3293 δὲ
780 3247 829 3308 τῆς
847 3237 1016 3308 φρονήσεως·
1035 3239 1064 3294 ἐν
1078 3248 1128 3295 νοῦ
1141 3236 1194 3309 γὰρ
1208 3237 1257 3291 ιιαί

254 3309 416 3378 φρονήσεως
440 3309 455 3365 ό
477 3308 563 3381 λόγος
587 3317 732 3380 γεννᾶται·
759 3309 808 3363 διά
831 3317 913 3364 τοῦτο
938 3309 985 3364 καί
1009 3311 1146 3378 πτερωτὸν
1170 3305 1256 3362 αὐτόν
1314 3352 1317 3359 .

253 3385 393 3448 ποιοῦσιν,
410 3381 448 3443 ὡς
464 3380 564 3451 ταχύν
584 3379 668 3436 οὐδὲν
686 3378 738 3451 γὰρ
757 3377 839 3450 λόγον
857 3379 1017 3448 ταχύτερον·
1037 3378 1106 3436 ὅθεν
1123 3378 1171 3435 ιιαί
1188 3375 1255 3446 ὅμη·

254 3469 304 3517 ρος
322 3450 387 3520 ἔφη·
413 3450 481 3506 ἔτεα
499 3448 657 3520 πτερόεντα,
676 3450 735 3504 καί·
760 3450 822 3505 ὡσεί
840 3449 942 3517 πτερὸν
959 3448 991 3520 ῆὲ
1011 3448 1108 3520 νόημα.
1143 3446 1255 3504 πάντων

254 3519 286 3576 δὲ
307 3523 444 3577 νεώτατον
467 3522 554 3576 αἰτόν
576 3520 738 3591 ἐργάζονται
760 3520 809 3576 διὰ
826 3520 858 3575 τὸ
876 3520 913 3591 μὴ
931 3530 1076 3591 μηρασιιεῖν
1094 3521 1143 3577 τόν
1159 3515 1254 3589 λόγον·

254 3589 324 3647 ἀλλὰ
351 3593 399 3646 καί
425 3591 599 3664 τετράγωνον
626 3590 713 3646 αὐτόν
739 3599 850 3647 ποιοῦσι
877 3590 926 3646 διὰ
947 3591 998 3661 τῆν
1022 3590 1184 3662 στερρότητα
1204 3597 1253 3644 τοῦ

253 3664 381 3733 ἀληθοῦς
393 3659 424 3717 λό
443 3683 485 3719 ον.
549 3666 583 3718 10
602 3660 793 3732 αἰνιττόμενον
805 3661 901 3717 Lamb.
973 3668 1005 3717 11
1024 3663 1145 3718 νεότατα
1157 3661 1253 3715 Lamb.

255 3739 288 3788 13
307 3685 441 3805 λόγωνίἰ
502 3738 535 3787 16
553 3733 698 3788 καί-17
716 3730 808 3805 νόημα
820 3732 898 3788 omis.
913 3733 946 3788 Χ
1007 3739 1039 3788 18
1058 3731 1089 3788 δὲ
1161 3728 1254 3786 όίααί

253 3804 352 3859 Lamb.
368 3808 373 3874 Ι
387 3804 562 3877 τετραηόνην
579 3803 608 3858 Β
679 3809 712 3859 21
731 3803 873 3873 lacunam,
885 3820 980 3930 &lam
999 3821 1065 3861 voce
1083 3805 1135 3879 <τρ
1148 3803 1255 3876 ymos>

254 3874 439 3946 supplendam
457 3891 517 3930 ετεε
536 3874 702 3946 suspicatur,
721 3875 823 3931 statuit
839 3873 871 3931 G.
922 3875 1022 3932 issowa
1240 3893 1245 3901 ³

306 3974 389 4016 Ianua
404 3974 601 4016 od.Wuen·ch.
1080 3971 1096 4019 9
