3074 4598
291 441 367 497 Lxx
699 433 905 491 PRAEFATIO

290 609 488 670 demonstrari
512 611 613 667 autem
635 601 755 662 videtm
776 602 824 662 his
841 601 1027 675 lectionibus,
1051 617 1118 660 suas
1136 597 1305 659 codicemT

289 698 433 760 lectiones
454 696 566 757 habere
588 690 740 768 proprias,
764 709 782 749 a
804 691 967 752 Barberino
991 690 1133 751 diversas:
1160 705 1226 747 cum
1246 687 1305 745 hac

289 786 490 859 reconvenit,
516 780 597 860 quod
614 779 747 855 titulum,
771 799 860 856 quem
877 776 996 840 exhibet
1014 779 1048 854 T,
1070 774 1103 838 ἐκ
1123 782 1181 836 τῶν
1202 777 1304 835 Κλαυ-

289 875 357 937 δίου
379 872 514 935 Τούσκου
537 866 737 946 ἐφημερίδων,
759 869 792 926 in
809 868 838 926 A
860 887 1000 946 graecum
1019 866 1147 945 reperire
1168 883 1228 924 non
1249 881 1304 941 po·

287 967 362 1039 tuit,
389 962 520 1021 latinum
542 973 626 1029 vero,
655 956 707 1032 qui
729 955 774 1014 ibi
801 955 923 1036 legitur,
949 955 1108 1016 recentiori
1134 954 1227 1013 aetati
1249 951 1303 1012 tri·

287 1050 438 1111 buendum
461 1064 523 1106 esse
546 1045 659 1121 putem,
683 1061 774 1119 quam
798 1044 834 1118 ei,
857 1063 918 1121 qua
941 1045 1124 1123 conscriptus
1146 1046 1191 1103 est
1211 1041 1302 1103 codex

288 1140 321 1199 Τ.
369 1153 460 1214 quare
485 1131 804 1210 Oryptoferratensem,
831 1133 905 1192 alias
927 1133 1092 1194 Barberino
1113 1131 1302 1209 persimilem,

286 1246 348 1286 non
376 1244 411 1284 ex
437 1224 502 1299 ipso
530 1221 560 1282 A
586 1219 704 1280 fluxisse
733 1221 922 1295 contendam,
954 1220 1007 1281 sed
1034 1241 1068 1280 ex
1093 1221 1175 1281 illius
1202 1221 1303 1282 arche·

287 1317 302 1373 t
345 1332 361 1373 o
384 1313 419 1372 X

300 1335 400 1462 ypEr
421 1400 458 1461 iis
482 1401 592 1472 autem,
616 1415 693 1472 quae
716 1396 804 1456 modo
827 1399 962 1476 exposui,
990 1398 1125 1474 sequitur
1145 1397 1232 1459 huius
1255 1419 1301 1458 re·

287 1490 434 1552 censionis
458 1487 573 1548 codices
595 1483 641 1543 ita
663 1483 845 1546 adhibendos
869 1505 945 1562 esse,
973 1488 1008 1545 ut
1030 1486 1135 1546 ducem
1157 1486 1301 1564 eligamus

286 1579 484 1640 Barbaricum
506 1593 581 1636 neve
604 1571 699 1632 alium
720 1573 913 1650 respiciamus
936 1574 996 1635 nisi
1021 1593 1079 1652 quo
1102 1573 1167 1633 loco
1189 1593 1301 1634 correc-

285 1671 372 1732 turae
401 1664 547 1742 quaedam
575 1679 593 1721 a
620 1680 691 1722 vero
722 1661 804 1720 haud
833 1662 1004 1722 aberrantes
1032 1665 1236 1740 proponantur
1262 1662 1301 1722 ab

285 1755 367 1835 A,B.
411 1753 445 1812 in
467 1751 566 1828 capite
588 1768 668 1824 vero,
691 1749 772 1826 quod
800 1750 835 1809 de
858 1750 921 1809 Nili
950 1749 1132 1811 incremento
1155 1752 1301 1828 conscrip-

285 1846 351 1902 tum
374 1844 427 1917 est,
454 1838 697 1917 perpendendum
718 1837 804 1899 nobis
829 1838 886 1899 erit
907 1840 939 1899 in
961 1858 1140 1918 unaquaque
1162 1840 1299 1915 lectione,

285 1933 387 1989 utrum
409 1929 447 1988 ab
465 1928 494 1988 A
517 1947 557 1987 an
576 1946 595 1986 a
613 1927 637 1987 T
660 1928 780 2007 integra
803 1931 921 1989 serrata
944 1927 1006 1990 sint
1022 1929 1176 1991 Laurentii
1195 1929 1299 2004 rerba3

285 2038 381 2096 neque
406 2016 484 2095 quod
507 2017 538 2076 in
561 2018 657 2077 lucem
681 2037 742 2079 non
764 2017 915 2078 redierunt
937 2020 1112 2097 apographa
1137 2018 1191 2079 illa
1213 2020 1298 2080 Alla-

285 2107 403 2167 tianum
424 2105 626 2166 Marinianum
647 2105 879 2167 Lambecianum
900 2106 1051 2168 Iulianum
1074 2106 1243 2170 dolebimus.

356 2195 421 2255 iam
445 2213 493 2270 ea,
521 2213 598 2272 quae
626 2194 662 2254 de
686 2195 834 2256 codicibus
861 2196 1047 2273 expositurus
1074 2215 1167 2272 cram,
1194 2197 1301 2274 quibus

285 2285 455 2363 fragmenta
468 2281 599 2359 Lydiam
618 2282 653 2342 de
672 2283 822 2344 mensibus
836 2284 906 2344 libri
922 2287 1041 2346 serrata
1059 2288 1137 2361 sunt,
1154 2284 1193 2344 ad
1210 2286 1300 2345 finem

285 2373 422 2450 perduxi,
450 2371 569 2433 brevius
592 2372 625 2430 id
652 2373 732 2450 quod
761 2373 895 2450 sequitur
918 2376 1009 2450 caput
1031 2375 1089 2434 erit
1110 2373 1146 2433 de
1168 2374 1298 2435 editio-

285 2462 400 2522 nibus.
445 2480 541 2538 neque
561 2463 607 2520 est
630 2478 682 2519 cur
703 2480 819 2522 moram
840 2463 985 2523 faciamus
1007 2462 1039 2522 in
1061 2462 1167 2524 Leonis
1189 2464 1299 2524 Allatii

286 2554 317 2611 et
334 2549 454 2629 Iosephi
472 2549 508 2609 de
526 2548 620 2624 Iuliis,
645 2568 719 2626 quos
737 2550 825 2610 modo
844 2551 1145 2627 commemoravimus,
1167 2552 1297 2613 consiliis

284 2639 356 2699 libri
379 2639 415 2699 de
438 2638 588 2698 mensibus
612 2636 728 2714 edendi,
753 2639 893 2716 quoniam
915 2640 955 2699 ad
976 2640 1095 2700 irritum
1118 2640 1296 2716 oeciderunt3

284 2729 377 2789 immo
400 2728 502 2788 statim
526 2731 713 2787 transeamus
737 2727 776 2786 ad
799 2746 874 2802 eum,
896 2729 979 2788 cuius
1001 2729 1126 2789 schedae
1145 2729 1297 2805 Lydianae

211 2823 266 2906 2⁸⁰·
288 2818 404 2894 primae
440 2817 471 2875 in
507 2817 604 2876 lucem
640 2815 830 2892 prodierimt,
865 2816 1057 2877 Nicolaum
1093 2817 1296 2878 Schowium.

289 2907 373 2966 cuius
396 2904 534 2965 editionis
557 2905 622 2964 fata
649 2904 675 2963 si
697 2921 870 2980 pernoscere
896 2905 984 2980 velis,
1010 2905 1097 2965 Hasii
1119 2910 1298 2966 commenta·

284 2995 364 3055 rium
387 2994 621 3071 adeas,quaeso,
644 2993 696 3068 qui
715 3010 749 3051 ea
768 2990 861 3052 fusius
879 2992 1014 3053 narrarit
1035 3014 1065 3071 p.
1082 2993 1136 3054 LV
1145 3011 1221 3072 sqq.3
1244 2995 1297 3054 ad·

285 3082 375 3143 bibiti
402 3086 503 3142 autem
530 3084 617 3142 erant
643 3098 662 3140 a
690 3079 825 3141 Schowio
855 3080 944 3142 codex
970 3082 1149 3143 Barberinus
1176 3084 1297 3160 eiusque

285 3171 491 3250 apographum
518 3169 734 3244 Marinianum,
766 3173 797 3229 et
827 3169 1004 3230 recensionis
1031 3171 1199 3231 Planudeae
1225 3173 1296 3233 Vat.

283 3260 349 3319 Pal.
371 3261 447 3320 141:
474 3259 629 3336 utriusque
655 3276 726 3319 vero
754 3258 932 3318 recensionis
958 3259 1140 3339 paragraphi
1165 3260 1243 3321 inter
1264 3281 1296 3323 se

285 3347 438 3409 conciliari
460 3351 583 3425 coeptae
606 3350 705 3419 erant,
733 3346 784 3406 sed
806 3346 1011 3424 imperfectum
1035 3367 1108 3425 opus
1135 3349 1297 3427 reliquerat

285 3436 392 3510 editor,
406 3435 515 3513 quippe
530 3436 582 3513 qui
596 3437 766 3513 fragmenta
778 3434 847 3494 libri
862 3437 962 3513 quarti
975 3455 1029 3514 per
1042 3437 1169 3497 codicem
1182 3437 1295 3499 Palati·

284 3544 357 3583 num
371 3527 489 3584 serrata
502 3525 534 3584 in
548 3524 606 3583 fine
620 3523 690 3583 libri
703 3524 786 3583 tertii
801 3524 849 3583 edi
861 3524 994 3584 iussisset
1007 3544 1102 3603 neque
1117 3529 1294 3602 composuis-

285 3615 332 3671 set
349 3630 417 3671 cum
430 3611 563 3672 codicum
576 3613 604 3671 X
617 3611 695 3671 libro
709 3615 825 3689 quarto.
858 3612 1043 3689 lectionibus,
1062 3633 1137 3691 quae
1151 3618 1203 3674 aut
1216 3616 1294 3692 ipso·

284 3719 352 3759 rum
366 3699 499 3760 codicum
513 3701 628 3760 incuria
642 3704 799 3777 corruptae
814 3703 866 3759 aut
883 3701 1014 3761 virorum
1029 3703 1181 3763 doctorum
1197 3723 1295 3764 errore

286 3791 372 3847 erant
395 3785 594 3865 depravatae,
608 3788 720 3848 mederi
743 3788 869 3864 studuit,
892 3789 999 3866 quibus
1017 3791 1138 3851 medelis
1156 3791 1205 3851 ubi
1223 3811 1295 3853 usus
