3074 4598
177 396 180 402 '
272 457 359 514 XLVI
674 439 880 499 PRAEFATIO

358 621 438 684 ἐστιν
481 638 510 696 p.
545 615 616 688 164,
637 613 676 670 21
702 641 746 660 --
806 611 879 670 129.
894 607 938 671 ὅτι
970 609 1053 690 φάβα
1070 643 1105 654 -
1122 609 1280 695 adsciscens·

361 712 473 787 165,1.
891 716 921 775 p.
947 699 1145 776 169,4·-18,

273 804 344 862 127.
360 798 404 860 ὅτι
440 793 456 857 b
496 789 591 872 Ερμῆς
617 817 660 828 -
690 783 745 864 τὴν
805 786 878 846 130.
893 783 939 846 ὅτι
961 785 997 848 οἶ
1014 787 1136 867 φυσικοὶ
1158 824 1200 835 -
1224 786 1283 872 μὲν

359 883 485 961 σέἦήνην
513 897 541 955 Ρ.
567 875 743 952 167,15-
892 871 1009 954 ἕλληνες
1043 898 1071 956 Ρ,
1102 881 1175 957 175,
1196 883 1212 941 1
1235 913 1278 924 ,-

359 971 470 1046 168‚2-
894 965 1027 1042 irene.

272 1065 343 1124 128.
358 1059 402 1119 ὅτι
437 1049 746 1136 ecgnice-eleon

356 1167 385 1224 p.
411 1142 712 1222 179,17—180,9.

335 1321 367 1383 Si
390 1340 460 1382 vero
481 1319 544 1380 iam
567 1319 731 1397 quaeritur,
756 1337 886 1396 quanam
907 1317 1024 1380 ratione
1050 1321 1096 1381 usi
1123 1322 1201 1384 hanc
1223 1343 1275 1386 no-

267 1431 337 1472 vam
358 1408 517 1471 materiam
545 1408 577 1468 in
605 1407 715 1469 librum
743 1407 780 1468 de
808 1408 958 1469 mensibus
987 1408 1114 1468 inserere
1141 1413 1276 1491 velimus,
1327 1458 1331 1464 .

266 1502 324 1562 hoc
345 1499 507 1560 tenendum
530 1497 601 1577 erit,
632 1497 766 1559 ordinem
791 1497 1027 1578 fragmentorum
1055 1498 1087 1557 in
1114 1498 1168 1576 iis,
1199 1519 1275 1578 quae

267 1587 446 1652 editionibus
464 1585 659 1647 fundamento
676 1586 809 1663 fuerunt,
827 1586 961 1648 codicum
978 1586 1198 1648 recensionibus
1215 1589 1275 1649 XY

267 1678 392 1739 eundem
419 1693 498 1750 esse,
530 1673 627 1751 qualis
656 1674 728 1734 olim
756 1675 789 1733 in
814 1675 881 1753 ipso
903 1675 1058 1736 Laurentii
1088 1694 1176 1753 opere
1203 1676 1275 1738 luit:

267 1784 359 1845 quare
381 1764 406 1824 si
430 1761 510 1840 quod
529 1761 729 1842 fragmentum
747 1763 856 1824 codicis
875 1763 1067 1826 Scorielensis
1085 1764 1273 1842 aliquatenus

266 1853 418 1932 conspirat
440 1870 508 1913 cum
530 1850 627 1911 verbis
648 1852 852 1913 recensionum
870 1851 939 1930 XY,
961 1853 1059 1915 locum
1077 1856 1189 1916 certum
1211 1856 1273 1918 inm

265 1944 335 2004 huic
358 1940 537 2002 Scorialensi
558 1939 725 2019 fragmento
753 1939 911 2021 adsignare
938 1942 1049 2004 licebit
1094 1945 1146 2005 sed
1167 1945 1219 2006 ubi
1241 1945 1274 2006 id

265 2051 323 2094 usu
344 2050 404 2092 uon
426 2030 519 2106 venit,
541 2029 728 2108 aliquantum
751 2031 842 2108 spatii
863 2030 967 2093 datum
985 2032 1068 2094 nobis
1086 2036 1140 2114 est,
1162 2035 1194 2094 in
1213 2053 1272 2113 quo

265 2121 435 2183 coniectura
453 2118 623 2179 dominetur
640 2121 671 2180 et
684 2117 854 2196 arbitrium3
876 2121 1050 2200 plerumque
1065 2125 1165 2183 autem
1177 2142 1273 2201 parva

264 2210 338 2288 ipsis
360 2205 513 2270 codicisS
545 2206 641 2268 verbis
671 2207 775 2268 insunt
804 2208 929 2287 indicia,
961 2228 1036 2288 quae
1068 2211 1162 2272 secuti
1194 2231 1271 2290 eum,

266 2318 354 2376 quem
376 2297 447 2358 olim
465 2294 585 2376 singula
601 2297 762 2356 tenuerunt
783 2296 961 2377 fragmenta,
983 2299 1080 2359 locum
1096 2319 1270 2378 recuperare

263 2387 419 2466 possimus.
455 2384 508 2445 ubi
531 2403 600 2444 vero
623 2384 699 2444 talia
717 2385 838 2446 omnino
861 2386 968 2446 desunt
985 2387 1103 2466 indicia,
1125 2389 1271 2450 incertam

265 2477 327 2537 eius
350 2473 510 2554 fragmenti
533 2472 632 2534 sedem
654 2491 718 2534 esse
739 2473 891 2536 fateamur
912 2493 1029 2537 necesse
1052 2479 1104 2538 est
1146 2479 1177 2539 et
1200 2477 1270 2538 dum

262 2565 310 2625 his
332 2563 394 2624 nixi
421 2562 552 2624 consiliis
582 2562 714 2642 singulas
743 2562 854 2624 codicis
876 2564 897 2624 S
926 2568 1027 2642 partes
1055 2565 1269 2646 distribuimus,

264 2653 441 2714 adiuvamur
462 2651 501 2712 iis
519 2670 595 2729 quae
612 2650 648 2711 de
665 2650 781 2712 ratione
796 2671 886 2730 quam
903 2652 935 2712 in
954 2653 1132 2731 excerpendo
1151 2659 1270 2716 secutus

264 2742 305 2802 sit
327 2743 508 2819 epitomator
529 2740 625 2800 dicere
646 2757 812 2817 possumus.
848 2742 1013 2802 cumcuim
1029 2742 1178 2822 integrum
1199 2743 1269 2803 libri

263 2830 300 2890 de
322 2829 471 2890 mensibus
495 2829 645 2905 exemplar
665 2826 802 2888 manibus
824 2829 943 2889 trivisse
966 2832 1104 2907 apparet,
1128 2831 1208 2907 quod
1230 2831 1268 2891 ab

262 2917 350 2978 initio
381 2917 533 2997 perlegere
564 2917 662 2994 coepit
693 2916 896 2994 excerpsitque
932 2917 1042 2976 librum
1072 2918 1201 2995 primum
1233 2939 1268 2979 ex

264 3006 365 3067 ordine
395 2999 454 3088 (nr.
483 3008 585 3086 1-5,
612 3007 648 3066 ut
675 3005 805 3065 numeris
833 3007 918 3081 utar,
948 3023 1021 3082 quos
1048 3006 1080 3066 in
1108 3009 1269 3084 conspectu

263 3114 354 3172 supra
384 3095 483 3172 posito
520 3094 645 3173 singulis
680 3093 789 3155 codicis
818 3092 839 3152 S
869 3094 1066 3173 paragraphis
1101 3093 1267 3175 adscripsi),

262 3186 335 3244 tuno
358 3204 394 3244 ex
415 3185 527 3243 iterata
547 3184 674 3244 lectione
697 3180 813 3242 addidit
834 3201 878 3242 ur.
903 3186 977 3244 dlx
1016 3185 1085 3260 post
1106 3184 1266 3261 septimum

263 3274 364 3332 antem
385 3291 541 3333 numerum
562 3273 594 3331 in
619 3271 719 3333 codice
741 3272 831 3331 vacat
855 3272 986 3348 spatium
1011 3272 1179 3349 paruolum,
1207 3292 1266 3351 quo

261 3362 413 3421 auctorem
432 3362 471 3421 ad
488 3360 597 3421 librum
614 3361 741 3420 alterum
758 3360 911 3420 transiisse
925 3362 1026 3438 aperte
1039 3361 1266 3422 demonstratur.

262 3468 278 3508 e
309 3468 367 3525 quo
397 3450 552 3528 exscripsit
579 3469 623 3509 nr.
647 3450 781 3528 8-11,
815 3448 920 3509 deinde
953 3452 1023 3526 post
1049 3469 1092 3509 nr.
1121 3452 1177 3526 11,
1206 3469 1264 3527 quo

262 3536 408 3615 agebatur
436 3537 472 3598 de
501 3536 618 3619 τριάδος
644 3538 684 3615 vi,
712 3536 838 3597 inseruit
867 3556 911 3612 ea,
940 3557 1016 3615 qnae
1045 3536 1080 3597 de
1109 3538 1211 3598 eadem
1233 3559 1265 3598 re

261 3624 353 3702 paulo
366 3627 435 3685 ante
449 3626 564 3705 legerat
577 3618 643 3708 (12.
659 3617 730 3708 13)..
757 3627 823 3684 tum
836 3645 906 3687 vero
920 3629 1060 3688 secuntur
1071 3629 1265 3703 nr.14—17,

261 3711 332 3772 libri
354 3713 477 3774 alterius
499 3717 630 3775 exuema
651 3714 809 3792 complexi,
835 3717 905 3792 post
927 3733 1001 3792 qnos
1023 3714 1142 3776 additur
1165 3715 1205 3776 18
1229 3734 1265 3776 ex

263 3799 366 3861 eodem
388 3801 477 3881 libro,
505 3802 556 3864 sed
578 3822 594 3862 e
619 3803 685 3864 loco
706 3803 805 3881 priore
831 3804 959 3880 petitus,
986 3803 1038 3882 qui
1064 3803 1207 3881 excipitur
1233 3805 1266 3864 et
