3074 4598
493 524 602 580 ιιοιιει
620 521 798 587 QUARTUS.
823 522 1050 579 FEBRUARIUS
1230 526 1273 592 85

264 695 386 778 ὁμοίως
413 690 496 755 κατά
523 685 707 765 ἀναλογίαν
734 693 801 748 τῶν
826 683 958 772 ἡμερῶν
983 684 1039 750 καὶ
1066 684 1119 751 ἐπὶ
1145 698 1272 770 μηνῶν·
1286 701 1313 754 Β,

267 797 320 864 ἐπί
342 805 403 862 τοῦ
424 799 540 882 τρίτου
557 789 661 876 μηνὸς
680 786 885 870 έγκινεῑσθαι
907 792 1063 879 ἐχόμενον
1083 801 1122 878 πή
1145 795 1261 878 μήτρᾳ,
1275 805 1326 861 Xs

266 901 320 970 ἐπὶ
344 900 381 968 δὲ
404 909 466 966 τοῦ
490 897 631 963 έννάτου
653 894 758 978 μηνὸς
778 903 947 975 παντελῶς
968 899 1200 986 άπαρτιῖεσθαι
1218 897 1274 963 καὶ

264 1009 348 1094 πρὸς
377 1006 495 1086 ἔξοδον
523 1001 690 1067 σπεύδειν.
739 998 795 1066 καὶ
822 1002 852 1066 ελ
878 1004 939 1086 μέν
965 1004 1033 1072 έστι
1059 1010 1163 1091 θήλν,
1191 1006 1274 1069 κατὰ

264 1116 324 1180 τὸν
346 1116 487 1178 ἔννατον
509 1119 612 1194 μήνα,
640 1108 670 1173 εί
693 1104 731 1174 δὲ
752 1117 918 1192 κρεῖττον,
943 1113 1024 1177 κατὰ
1050 1113 1108 1178 τὸν
1135 1110 1272 1177 δέκατον
1300 1139 1313 1180 5

264 1220 465 1306 ἀρχόμενον,
493 1218 550 1283 διά
577 1217 614 1282 τὸ
643 1210 787 1298 τὸνμὲν
810 1216 949 1279 ἔννατον
974 1214 1134 1304 ἀριθμόν,
1161 1222 1272 1303 θήλνν
1285 1227 1312 1283 X

263 1328 344 1391 ὄντα
361 1321 417 1390 καὶ
432 1327 584 1409 Σελήνης
602 1324 737 1404 ολκείον,
755 1319 839 1406 πρὸς
857 1319 918 1402 τήν
933 1319 1018 1404 ὕλην
1035 1321 1272 1411 ἀναφέρεσθαι,

262 1432 322 1497 τὸν
345 1426 381 1497 δὲ
405 1429 545 1498 δέκατον
567 1427 762 1496 παντέλειαν
785 1421 871 1492 εἶναι
889 1424 943 1491 καὶ
961 1428 1090 1512 άρρενα,
1125 1436 1215 1515 θήλα
1234 1428 1271 1497 δέ

261 1535 317 1604 καὶ
340 1540 444 1625 άρρεν
466 1543 592 1623 γίνεται
619 1534 701 1600 κατά
729 1536 791 1618 τήν
808 1542 879 1600 τοῦ
900 1540 1028 1619 θερμοῦ
1051 1533 1269 1622 ἐπικράτειαν·
1299 1564 1312 1604 ο

262 1647 502 1726 πλεονάζοντος
519 1639 582 1729 μέν
599 1650 660 1708 τοῦ
677 1642 761 1706 κατά
777 1642 815 1707 τὸ
835 1639 962 1727 σπέρμα
977 1647 1116 1729 θερμοῦ,
1134 1643 1190 1708 ἅτε
1203 1651 1260 1726 τής
1273 1653 1323 1709 XS

260 1751 386 1835 πήξεως
409 1755 540 1836 ταχείας
562 1746 754 1833 γινομένης,
781 1746 978 1833 άρρενοῦται
1000 1770 1036 1813 τε
1061 1745 1115 1814 καὶ
1137 1749 1305 1834 διαμορ-8

264 1867 385 1943 φοῦται
409 1856 546 1943 ταχέως,
575 1853 813 1938 ἐλαττουμένης
841 1850 879 1920 δὲ
900 1855 1104 1939 κατισχύετιιι
1125 1855 1191 1921 ὑπὸ
1213 1863 1271 1938 τής

261 1963 418 2049 ε’πιρροής
441 1960 496 2028 καὶ
518 1963 825 2046 καταγανιζόμενον
846 1961 1037 2045 θηλύνεται,
1060 1963 1200 2048 βράδιον
1222 1958 1260 2027 δέ
1273 1973 1323 2030 XS

259 2070 474 2154 πηγνύμενον
495 2068 638 2152 βράδιον
661 2063 717 2131 καὶ
739 2075 936 2151 μορφοῦται.
973 2067 1023 2132 ὅτι
1046 2065 1083 2133 δέ
1105 2067 1268 2152 άληθήςδ

259 2178 372 2259 λόγος,
401 2176 442 2239 τά
467 2170 530 2259 μὲν
557 2175 682 2259 άρρενα
709 2171 764 2236 καὶ
789 2184 857 2237 τῶν
879 2174 1117 2258 τεσσαράκοντα
1138 2175 1269 2260 ἡμερῶν
1282 2203 1309 2246 ιι

261 2280 354 2358 ἐντὸς
377 2280 659 2367 ἐκτιτρωσκόμενα
686 2277 928 2364 μεμορφωμένα
953 2283 1142 2365 προπίπτει,
1168 2282 1208 2346 τά
1231 2277 1269 2347 δὲ

259 2391 366 2473 θήλεα
375 2385 431 2453 καλ
445 2388 526 2473 μετά
539 2389 596 2464 τάς
609 2387 855 2470 τεσσαράκοντα
866 2384 988 2472 ἡμέρας
1000 2388 1151 2472 σαρκώδη
1165 2410 1200 2454 τε
1213 2386 1268 2453 καί

258 2495 479 2560 άδιατύπωτκ
524 2493 605 2577 μετά
628 2488 665 2558 δέ
688 2493 750 2576 τήν
771 2493 892 2576 κύησιν
914 2490 966 2558 ἐπὶ
989 2500 1046 2577 τής
1066 2497 1178 2581 τρίτης
1197 2517 1268 2578 τεχ-

256 2595 322 2666 θέν
343 2598 687 2684 άποσπαργανοῦσθαι
714 2600 752 2665 τὸ
780 2597 905 2685 βρέφος
930 2602 1042 2684 φασίν,
1070 2598 1122 2666 έπλ
1150 2597 1187 2666 δὲ
1209 2611 1266 2685 τής

258 2704 396 2790 έννάτης
420 2705 710 2792 ίσχυροποιείσθαι
737 2704 793 2771 καὶ
820 2705 911 2790 άφήν
935 2703 1125 2791 ὑπομένειν·
1153 2704 1205 2771 ἐπὶ
1228 2703 1266 2772 δέ
1279 2736 1307 2776 οο

256 2823 314 2898 τής
342 2821 606 2899 τεσσαρακοστῆς
631 2812 902 2897 προσλαμβάνειν
927 2813 964 2878 τὸ
990 2815 1184 2895 γελαστικὸν
1210 2812 1266 2880 καλ

256 2922 419 3006 άρχεσδιιι
443 2918 675 3003 ἐπιγινώσκειν
697 2920 758 3004 τήν
784 2918 918 3006 μητέρα.
959 2917 1013 2986 έπὶ
1040 2916 1078 2986 δὲ
1104 2929 1161 3004 τής
1187 2919 1266 2986 ἀνα-

256 3026 492 3111 στοιχειάσεως
522 3027 601 3103 τοὺς
633 3031 729 3102 ίσους
765 3022 870 3110 φασὶν
901 3025 1064 3113 ἀριθμοὺς
1100 3021 1200 3104 αὖθις
1231 3025 1263 3105 ἐξ

325 3257 380 3306 v.1
401 3249 551 3320 δμοίως-
565 3252 763 3322 μηνῶνΒίοΙ.
779 3259 835 3322 611,
853 3252 930 3308 omis.
945 3252 1002 3309 XS
1069 3253 1211 3309 2ιιαλέπλ
1225 3255 1262 3324 X,

255 3322 301 3377 έπλ
315 3320 347 3376 δὲ
356 3322 390 3394 Βή
399 3331 450 3377 τοῦ
460 3321 538 3378 omis.
549 3323 581 3377 X
590 3323 593 3395 ή
606 3321 739 3394 ἐχόμενον
749 3324 777 3392 S,
787 3321 982 3394 νηχόμενονΧ,
997 3321 1159 3394 ἐνεχόμενον
1168 3324 1202 3379 σί.
1210 3323 1261 3381 (311.

253 3391 342 3447 Ksoll.
415 3397 431 3446 8
451 3391 611 3463 άμαρτίζειν
625 3394 662 3460 Β,
681 3391 844 3462 άπαρτίζειν
857 3395 893 3462 Α,
911 3391 1127 3466 άπαρτίζεταιδ,
1146 3393 1263 3465 ἀπαρτί-

254 3467 352 3530 ζεσθαι
362 3462 462 3534 scripsi
517 3469 532 3518 6
552 3463 601 3519 διὰ
613 3464 645 3519 τὸ
655 3469 716 3518 -9
731 3464 911 3533 ἐπικράτειαν
924 3463 1033 3521 omis.S
1084 3472 1117 3521 10
1131 3463 1174 3521 ὅτι
1183 3470 1262 3522 πλεο-

254 3534 387 3600 νάζοντος
397 3565 434 3575 -
447 3539 480 3588 18
500 3534 680 3590 άδιατάποιτα
694 3539 760 3605 post
774 3533 1032 3605 ἐπιμηινησιιόμενοι
1046 3539 1082 3606 (p.
1095 3540 1191 3608 86,11)
1206 3538 1262 3592 ool·

253 3604 330 3660 locat
346 3605 369 3661 S
441 3610 473 3660 11
497 3607 546 3660 καί
569 3608 775 3676 διαμορφοῦται
789 3638 824 3647 -
839 3611 873 3661 13
896 3606 1024 3676 ἐπιρροῆς
1046 3609 1094 3662 καλ
1112 3608 1214 3663 desunt
1230 3609 1263 3664 X

255 3681 288 3730 13
302 3673 561 3747 καταγωνιζομένοα
574 3678 602 3732 Α
661 3683 695 3730 14
709 3675 814 3748 ἀληθὲς
827 3677 850 3733 S
863 3679 867 3748 Ι
884 3675 899 3732 ὁ
912 3674 991 3747 λόγος
1004 3677 1081 3732 omis.
1095 3678 1118 3734 S
1170 3685 1203 3734 16
1217 3678 1261 3734 ἐκ·

252 3744 476 3816 πιπρασκομένοις
488 3748 522 3801 X
535 3752 539 3818 Ι
554 3744 720 3816 προσπίπτει
734 3750 763 3803 Β
818 3754 852 3803 17
868 3745 970 3817 ἡμέρας
982 3748 1060 3804 omis.
1074 3750 1107 3804 X
1158 3755 1191 3805 19
1205 3771 1260 3820 φα-

253 3816 298 3874 σίν
321 3817 438 3873 omis.S
508 3823 539 3872 21
559 3819 766 3890 προσλαμβάνει
784 3821 813 3874 Β
838 3822 842 3891 Ι
868 3816 1009 3890 γελατικάν
1022 3821 1050 3875 Β
1121 3826 1154 3875 22
1173 3820 1260 3893 ἐπιγι-

252 3891 361 3946 νώσκον
378 3890 406 3944 Δ
423 3891 427 3961 Ι
444 3889 490 3944 ἐπλ
508 3899 578 3960 γοῦν
595 3889 684 3960 τήςά
754 3897 787 3946 23
807 3891 895 3962 φασὶν
913 3890 989 3945 omis.
1008 3892 1041 3947 X
