3074 4598
279 499 301 563 4
656 497 765 554 LIBER
782 497 918 556 PRIMUS
1047 543 1050 551 .

238 667 355 745 Ρπαζε
382 662 438 730 καί
469 666 516 742 εἰς
542 663 641 747 τιμὴν
667 671 728 728 τοῦ
756 665 882 731 οἰκείου
914 665 1020 750 δῆθεν
1040 661 1167 749 ’πατρὸς
1197 661 1288 727 ἱππι-

278 771 340 838 κὸν
367 771 482 855 ἀγῶνα
508 769 620 856 πρώτη
648 768 685 835 έν
702 767 827 862 Ἰταλίᾳ
853 771 1013 856 ἐτέλεσεν,
1041 768 1077 847 ὃς
1104 769 1144 854 δὴ
1171 766 1227 835 καί
1255 763 1288 845 ἐξ

149 940 153 952 ,
280 878 382 964 αὐτῆς
419 877 600 963 ὠνομάσθη
635 881 757 964 κίρκος.
815 878 853 946 ἐν
889 875 927 945 δὲ
957 877 1091 944 Ἑλλάδι
1124 877 1289 963 πρότερον

274 982 465 1069 Ἐνυάλιος,
493 985 566 1061 υίὸς
583 987 812 1072 Ποσειδῶνος,
836 986 872 1053 ἐν
893 985 1029 1072 ἡμέραις
1046 981 1216 1061 Μωυσέως
1238 983 1289 1048 δι-

252 1090 380 1178 τπύλῳ
414 1088 591 1177 ἐχρήσατο,
630 1093 797 1178 Οἰνόμαος
828 1091 884 1158 καί
913 1092 1054 1177 ὕστερον
1080 1091 1289 1178 τετραπόλῳ·

277 1183 378 1274 οὗτος
407 1192 446 1262 δὲ
473 1193 516 1283 ἦν
541 1201 697 1282 βασιλεὺς
719 1202 888 1282 Πισαίων,
918 1193 977 1282 ἦγε
1004 1195 1041 1263 δὲ
1067 1199 1126 1264 τὸν
1153 1195 1290 1263 ἰππικὸν

279 1303 394 1387 άγῶνα
417 1302 498 1390 μηνὶ
520 1308 661 1397 Μαρτίῳ
688 1306 819 1392 εἰκοστῇ
848 1303 983 1389 τετάρτῃ
1010 1302 1202 1388 ὑψουμένου
1229 1311 1289 1370 τοῦ

276 1409 405 1477 Ἡλίου.
450 1411 506 1479 καὶ
534 1410 632 1489 αὐτὸς
655 1407 717 1497 μὲν
740 1409 855 1499 ἐφόρει
878 1408 1022 1497 χλοοινὸν
1047 1411 1152 1493 ἤγουν
1172 1412 1291 1497 πράσι·

280 1541 342 1584 νον
378 1513 464 1605 ὑπὲρ
499 1526 557 1602 τῆς
586 1526 660 1602 γῆς·
693 1515 711 1582 ὁ
746 1512 783 1582 δὲ
819 1516 1118 1600 ἀνταγωνιζόμενος
1152 1514 1290 1600 βένετον

240 1647 266 1688 ιο
279 1621 364 1709 ὑπὲρ
388 1633 446 1707 τῆς
469 1624 650 1707 θαλάσσης,
676 1619 732 1686 καὶ
759 1624 793 1688 ολ
815 1619 877 1709 μὲν
898 1624 1063 1709 μεσόγειοι
1087 1622 1221 1706 ἔχαιρον
1242 1628 1289 1707 τῷ

278 1733 446 1816 πρασίνῳ,
475 1730 509 1795 οἰ
531 1725 568 1793 δὲ
588 1727 747 1812 παράλιοι
769 1736 816 1814 τῷ
838 1726 974 1816 βενέτῳ·
1001 1728 1150 1793 ἔπαθλον
1171 1722 1209 1791 δέ
1231 1735 1290 1810 τῆς

279 1834 426 1918 ἀγωνίας
447 1834 568 1917 ταύτης
588 1834 760 1919 προετίθει
785 1835 950 1919 Οἰνόμαος
972 1841 1018 1922 τῷ
1038 1834 1208 1917 νικήσοντι
1231 1832 1289 1899 αύ-

279 1941 340 2006 τὸν
366 1939 429 2023 την
458 1941 549 2005 ἰδίαν
574 1936 745 2025 θυγατέρα
766 1937 1014 2026 Ἱπποδάμειαν,
1042 1941 1103 2006 τὸν
1130 1937 1168 2006 δὲ
1193 1940 1289 2026 ηττη-

280 2045 385 2113 θέντα
409 2045 615 2130 φονεύεσθαι
633 2046 759 2112 αὐτίκα.
795 2045 958 2134 μέλλοντα
975 2057 1060 2132 γοῦν
1077 2050 1135 2115 τὸν
1152 2047 1291 2116 Πέλοπα

242 2161 327 2242 τιτῷ
352 2152 509 2241 Οἰνομάῳ
532 2149 814 2236 ἀνταγωνίζεσθαι
837 2152 891 2220 ἐπὶ
917 2166 987 2233 τοῖς
1009 2156 1188 2240 δηλωθεῖσι
1211 2173 1291 2221 συν-

278 2262 441 2345 θήμασιν,
471 2256 634 2345 ἑωρακυῖα
652 2257 867 2347 Ἱπποδάμεια
888 2261 1020 2349 ἠράσθη
1048 2286 1082 2327 τε
1109 2258 1289 2329 αὐτοῦκαὶ

279 2366 469 2450 προδίδωσι
492 2364 597 2452 τούτῳ
620 2367 661 2431 τὰ
687 2371 903 2453 μηχανήματα
925 2376 985 2434 τοῦ
1011 2369 1148 2454 πατρός,
1175 2365 1219 2433 δι”
1243 2361 1291 2432 ὧν

280 2473 408 2558 ἐκράτει
436 2483 505 2537 τῶν
532 2472 848 2559 συναμιλλωμὲνων,
873 2472 929 2540 καί
957 2473 1042 2540 ούτω
1068 2475 1290 2560 παρεσκεύασε

279 2588 414 2664 νικῆσαι
435 2578 497 2643 τὸν
518 2575 663 2644 Πέλοπα
709 2579 861 2658 κάκεῖνος
889 2583 1025 2665 νικήσας
1052 2581 1154 2658 εὐθὺς
1180 2580 1291 2647 ἀνεῖλε

241 2706 267 2748 εο
279 2681 342 2770 μὲν
366 2686 551 2771 Οἰνόμαον,
577 2687 677 2771 ἔγημε
702 2681 739 2751 δέ
758 2685 993 2774 Ἱπποδάμειαν
1018 2686 1073 2753 καί
1101 2687 1291 2772 ἐβασίλευσε

280 2787 341 2875 μέν
364 2799 422 2874 τῆς
435 2789 594 2868 Ἑλλάδος
616 2794 671 2875 ἔτη
689 2792 867 2877 τριάκοντα
886 2794 981 2877 ὀκτώ,
1004 2792 1134 2859 ἐκάλεσε
1157 2790 1194 2858 δὲ
1212 2793 1291 2858 ταύ-

278 2920 341 2980 την
360 2897 393 2977 ἐξ
412 2895 534 2965 ἑαυτοῦ
551 2900 821 2981 Πελοπόννησον.
853 2898 925 2966 ἀλλ’
949 2898 1001 2965 ἐπὶ
1019 2902 1059 2965 τὰ
1072 2902 1215 2985 πρότεροι
1228 2901 1290 2966 πά·

279 3010 335 3070 λιν
352 3003 371 3071 ὁ
396 3005 496 3086 λόγος
518 3001 734 3071 έπανελθέτω.
765 3003 786 3088 ἡ
806 3006 868 3091 γὰρ
883 3006 924 3089 δὴ
939 3012 1166 3091 προρρηθεῖσα
1180 3009 1289 3091 Κίρκη

279 3111 393 3195 πρώτη
421 3116 529 3177 τελεῖν
556 3110 711 3187 ἱππικούς
739 3108 870 3194 ἀγῶνας
900 3110 937 3177 ἐν
959 3111 1081 3199 Ἰταλίᾳ
1106 3133 1290 3199 προκαταρ-

241 3235 267 3278 ιι
280 3214 402 3301 ξαμένη
430 3214 487 3282 καὶ
516 3216 737 3302 ἱπποδρόμιον
767 3216 871 3284 ἐκεῖσε
898 3219 1127 3304 κατεσκεύασε,
1158 3221 1195 3285 τὸ
1228 3216 1290 3306 μὲν

182 3331 265 3390 XYP
279 3332 382 3410 μῆκος
401 3323 571 3408 τεσσάρων
588 3324 742 3407 σταδίων,
761 3327 798 3391 τὸ
818 3321 856 3390 δέ
872 3327 995 3402 πλάτος
1013 3324 1099 3403 ἑνός·
1116 3326 1153 3391 τὸ
1173 3322 1209 3392 δέ
1227 3337 1297 3407 ΒιΙ,
1308 3344 1342 3394 12

280 3428 383 3515 μέσον
412 3428 517 3495 αὐτοῦ
545 3428 676 3514 ἐποίησε
704 3427 898 3519 ξυλουργίς,
928 3431 1116 3516 ὀνομάσασα
1144 3434 1289 3517 (ταύτην

351 3673 376 3710 v
395 3657 475 3724 λμό
433 3657 543 3724 μύσεως
560 3656 591 3738 P
684 3659 699 3708 9
718 3653 829 3727 βίνετον
848 3658 876 3712 P
966 3663 999 3712 21
1023 3660 1116 3713 utrum
1136 3663 1169 3730 λη
1193 3677 1230 3715 an
1252 3662 1289 3732 λβ

281 3725 387 3780 habeat
410 3726 439 3780 P
464 3725 591 3780 haud
627 3657 736 3781 iciturfi
806 3734 839 3782 27
863 3727 1023 3798 ὀνομάσασα
1049 3738 1129 3785 τοῦτο
1152 3730 1199 3800 εύρ
1201 3751 1289 3787 ιππον

282 3794 338 3851 ἀπὸ
352 3800 459 3851 τοιοθθ
460 3795 572 3853 λασοίον
618 3795 722 3867 ρίτπον
741 3796 837 3868 ἐπειδὴ
856 3800 890 3869 Ρ,
913 3800 1025 3870 εὔριπος
1046 3805 1167 3856 καλεῖται
1190 3802 1221 3858 ἐκ
1239 3811 1289 3858 τοῦ

281 3865 437 3923 θαλαττίου
461 3867 526 3932 ἴσως
545 3819 660 3937 εύρίιιον
684 3868 733 3923 καί
756 3877 806 3940 τῆς
820 3798 946 3935 ἡἑπτάετες
967 3871 1053 3927 αὐτοῦ
1075 3872 1290 3945 διανίοδρομίας
