3074 4598
302 460 346 527 66
540 461 650 518 LIBER
667 459 844 527 QUARTUS.
871 459 1070 518 IANUARIUS

256 633 286 689 X
300 624 499 712 εὐδαίμονος
521 625 641 706 ταύτης
663 624 804 709 πόλεως,
835 625 980 711 δύναμιν
1001 625 1104 692 αὐτὸν
1125 619 1215 691 εἶναι’
1234 646 1320 689 τινα

299 733 454 816 βούλεται
475 729 527 816 ἐφ’
547 727 701 814 ἑκατέρας
708 727 853 816 ’Ἄρκτου
866 732 1065 818 τεταγμένην
1077 729 1132 797 καὶ
1146 733 1204 808 τὰς
1217 737 1315 798 θειο-

299 837 397 925 τέρας
426 837 533 922 ψυχάς
569 830 622 899 ἐπὶ
654 821 715 899 τὸν
742 838 939 920 σεληνιακὸν
964 839 1066 924 χορὸν
1093 835 1312 922 ἀποπέμπειν.

224 954 285 1011 ΧΗ
298 943 355 1012 καὶ
378 952 479 1010 ταῦτα
501 937 564 1024 μὸν
583 939 615 1004 ol
629 937 796 1022 Ῥωμαίων
820 943 1024 1027 ἱεροφάνται·
1047 946 1146 1020 ἄλλος
1169 942 1210 1010 δέ
1224 963 1312 1030 φησι

269 1052 357 1120 ετὸν
379 1048 488 1114 Ἰανὸν
520 1047 613 1130 ἥρωα
641 1042 802 1127 γενέσθαι
830 1045 885 1112 καὶ
910 1060 1043 1135 πρῶτον
1064 1052 1310 1117 κατασκευάσαι

295 1154 413 1242 τεμένη
435 1150 490 1220 καὶ
513 1153 609 1239 τιμὰς
631 1161 701 1226 τοῖς
723 1157 819 1228 θεοῖς
841 1151 1032 1240 ἐπιτελέσαι,
1054 1155 1109 1222 καὶ
1131 1159 1189 1224 διὰ
1206 1167 1308 1226 τοῦτο

251 1273 279 1330 Χ
293 1264 427 1348 μνήμην
464 1259 570 1327 αὐτοῦ
604 1255 641 1323 ἐν
675 1265 746 1333 τοῖς
776 1256 878 1343 ἱεροῖς
903 1257 1068 1341 γενέσθαι.
1122 1265 1140 1329 ὅ
1171 1289 1209 1348 με
1237 1265 1307 1350 μὴν

292 1371 490 1454 Δημόφιλος
502 1378 637 1454 πρῶτον
651 1362 754 1429 αὐτὸν
772 1364 927 1446 βούλεται
940 1370 1051 1443 οἴκους
1065 1365 1120 1433 καὶ
1132 1376 1309 1449 πυλεῶνας

217 1485 279 1543 ΧΗ
291 1477 533 1543 κατασκευάσαι
568 1471 624 1539 καὶ
651 1469 715 1536 άπὸ
748 1477 806 1552 τῆς
838 1472 989 1555 ἰανούας,
1023 1473 1041 1538 ὅ
1078 1471 1147 1538 ἐστι
1182 1478 1306 1564 θύρας,

250 1583 498 1670 ΧἸανουάριον
520 1581 760 1663 ὀνομασθῆναι.
800 1578 889 1662 ἔχειν
906 1574 944 1644 δὲ
962 1577 1063 1644 αὐτὸν
1079 1577 1135 1644 καὶ
1153 1579 1307 1668 ιἰδελφην

250 1719 276 1758 11
291 1691 440 1772 τοῦνομα
456 1688 671 1770 Καμασηνην.
702 1679 846 1767 Ὀβίδιος
867 1681 1053 1769 ὁῬωμαῖος
1070 1682 1181 1752 Ἰανὸν
1202 1685 1304 1772 ἀλλη-

183 1803 300 1862 cedron.
314 1804 409 1880 γορεῖ
417 1795 453 1859 τὸ
462 1793 543 1878 χάος
553 1785 646 1856 εἶναι.
669 1791 767 1855 Δίων
780 1787 959 1875 ὁῬωμαλος
972 1787 1110 1876 ἀρχαῖόν
1121 1817 1197 1858 τινα
1209 1794 1305 1882 ἥρωα

283 1889 395 1967 Ἰανὸν
417 1897 516 1982 λέγει,
538 1897 596 1963 διὸ
617 1896 680 1980 τὴν
701 1904 762 1962 τοῦ
780 1897 917 1984 Κρόνου
935 1895 1059 1976 ξένιοιν
1076 1901 1221 1984 λαβόντα
1238 1902 1302 1986 τὴν

287 2016 416 2090 γνῶσιν
440 2017 509 2071 τῶν
535 2005 727 2090 μελλόντων
754 2000 900 2070 καὶτῶν
920 2007 1217 2093 προϋπαρχόντων,
1243 2008 1300 2076 καὶ

245 2140 273 2182 ιι
287 2113 345 2179 διδι
372 2121 469 2178 τοῦτο
498 2112 714 2199 διπρόσωπον
739 2110 805 2176 ὑπὸ
824 2109 991 2196 Ῥωμαίων
1014 2113 1235 2181 πλάττεσθαι·
1264 2115 1298 2196 ἐξ

286 2213 328 2286 οὗ
357 2220 417 2284 τόν
444 2242 480 2284 τε
506 2227 595 2303 μῆνα
620 2222 788 2302 κληθῆναι
810 2214 1032 2303 Ἰανουάριον,
1062 2217 1119 2284 καὶ
1147 2221 1210 2304 τὴν
1235 2231 1298 2288 τοῦ

283 2327 381 2402 ἔτους
402 2321 507 2410 ἀρχὴν
530 2322 594 2390 άπὸ
617 2332 677 2390 τοῦ
701 2323 804 2388 αὐτοῦ
826 2323 930 2409 μηνὸς
951 2327 1112 2406 γίνεσθαι.

240 2445 269 2500 Η
350 2429 380 2494 3.
397 2426 502 2507 Οὗτος
516 2428 555 2496 δὲ
569 2429 587 2496 ὁ
601 2431 667 2515 μὴν
678 2432 843 2515 πρότερον
856 2433 989 2506 Μονιάς
1003 2429 1146 2498 ἐκαλεῖτο
1161 2431 1225 2498 ἀπὸ
1239 2445 1349 2502 RrIV3

242 2546 342 2621 Χτῆς
368 2539 521 2622 μονάδος.
566 2537 587 2620 ἡ
610 2533 648 2602 δὸ
673 2538 787 2623 πρώτη
809 2547 877 2602 τῶν
898 2538 1080 2604 Καλενδῶν
1102 2536 1200 2625 ἑορτὴ
1218 2540 1294 2607 Ῥω-

227 2668 268 2714 ·ιο
281 2645 394 2728 μαίοις
416 2642 672 2728 σεβασμιωτάτη.
715 2641 770 2708 καὶ
793 2641 812 2708 ὁ
834 2640 959 2720 ύπατος
981 2643 1068 2732 ἵππῳ
1091 2649 1198 2735 λευκῷ
1217 2647 1293 2714 ἐπο-

281 2750 444 2835 χούμενος
483 2748 540 2816 καὶ
582 2749 681 2826 αὐτὸς
721 2751 903 2833 λευχείμων
943 2748 1125 2835 ἡγούμενος
1159 2763 1293 2838 πομπῆς

280 2854 455 2943 ἀνέτρεχεν
499 2855 537 2921 ἐν
572 2863 618 2943 τῷ
653 2857 854 2943 Καπιτωλίῳ
892 2890 935 2901 -
970 2855 1029 2920 τὸν
1064 2853 1102 2922 δὲ
1136 2869 1292 2927 τοιοῦτον

351 3013 375 3049 v.
394 3000 412 3048 4
435 2994 516 3057 ἄλλος
540 2995 583 3049 est
600 2992 698 3048 Xenon
716 2992 807 3065 primo
824 2991 954 3063 ΙόοΗοοο,
977 2992 1098 3050 Macrob.
1119 2993 1171 3051 Sat
1187 2996 1208 3066 I,
1223 3004 1248 3069 9,
1264 3003 1289 3054 3.

277 3070 294 3119 8
313 3064 494 3136 Demophilus
518 3064 637 3121 fortasse
660 3063 692 3120 ἐν
709 3069 748 3138 τῷ
771 3066 836 3132 περὶ
857 3074 913 3119 τῶν
935 3062 1004 3133 παρ’
1028 3064 1156 3137 ἀρχαίοις
1179 3071 1290 3126 θυσιῶν

276 3137 326 3190 καὶ
353 3135 467 3205 ἑορτῶν,
496 3135 531 3191 cf.
554 3133 708 3189 Maximum
736 3134 773 3189 ad
800 3133 929 3205 Dionysii
950 3135 1023 3191 Areo
1044 3181 1050 3191 .
1074 3153 1117 3209 ep.
1136 3143 1152 3192 8
1176 3142 1243 3196 tom.
1262 3141 1290 3196 11

274 3223 303 3330 f.
320 3212 372 3261 129
445 3214 476 3262 11
497 3205 777 3275 Ovidiirast.1‚10³
850 3212 884 3261 12
903 3205 1013 3261 Cassius
1052 3207 1080 3263 io
1094 3208 1128 3263 fr.
1142 3215 1205 3279 6‚7,
1218 3215 1287 3267 tom

306 3294 334 3346 p.
349 3284 383 3332 14
400 3277 545 3333 Boinsevin

346 3417 370 3455 v,
389 3405 407 3453 4
425 3399 513 3527 &egat
531 3398 565 3456 δέ
586 3418 674 3469 φασιν
694 3400 777 3457 ἰανὸν
789 3432 825 3441 -
840 3407 874 3456 10
892 3401 1086 3474 ὀνομασθῆναι
1103 3404 1137 3459 Η
1209 3411 1224 3460 7
1243 3404 1286 3478 μλ-

272 3468 377 3526 νεοθαι
394 3470 449 3542 H!
486 3490 517 3544 με
536 3469 665 3542 μὲν-9
684 3469 888 3527 κατασκευάσαι
909 3473 987 3528 omis.
1005 3473 1041 3529 H
1108 3476 1193 3532 8τὸν
1210 3487 1286 3546 πρῶ-

272 3559 324 3596 τον
342 3542 370 3596 Α
440 3540 684 3598 λκατασκενάοον
701 3543 728 3597 Α
745 3544 749 3615 Ι
764 3542 829 3667 aa}
844 3540 862 3612 ἢ
879 3544 915 3598 H
926 3549 931 3614 Ι
947 3545 1080 3609 ἱαννούας
1100 3546 1287 3617 λαννουάριον

270 3612 309 3680 Α,
333 3611 466 3677 λαννούας
488 3613 582 3683 θύρας
599 3612 782 3682 ἰαννονάριον
918 3622 951 3670 11
970 3615 1115 3688 ἀλληγορεῖ
1135 3618 1236 3675 ἰαυνὸν
1254 3620 1284 3675 Β

272 3686 306 3735 12
325 3680 426 3752 (θοοῖς.
446 3684 562 3740 Godren.
580 3682 645 3738 hist.
665 3700 753 3755 comp.
771 3689 874 3754 11295,
890 3686 1028 3743 ιοΒοωιι
1048 3686 1127 3743 Δίων
1141 3720 1175 3730 -
1190 3694 1223 3744 17
1243 3688 1285 3762 yl-

270 3755 375 3807 νεοθαι
481 3760 514 3809 18
538 3750 672 3817 οὗτος-
691 3760 725 3809 19
743 3753 867 3825 μονάδος
887 3755 924 3809 Η
1026 3764 1058 3813 21
1082 3757 1238 3831 ἡγουμένης
1254 3763 1284 3816 Α

271 3827 306 3876 22
326 3822 484 3879 καπετυλόω
502 3827 530 3880 Δ
547 3829 551 3896 Ι
567 3832 695 3880 τοιοῦτον
713 3827 749 3895 Α,
766 3833 866 3880 τοῦτον
884 3826 913 3879 Β
