3074 4598
564 1204 726 1278 LIBER
754 1203 941 1295 ALTER.

633 1378 718 1449 Περὶ
736 1371 874 1448 ἡμέρας.

201 1531 229 1586 Η
290 1523 319 1588 1.
392 1523 576 1606 ἀναγκαῖόν
590 1546 646 1607 μοι
660 1521 753 1586 δοκεῖ
766 1518 844 1606 περὶ
857 1531 923 1586 τῶν
936 1531 1052 1604 μηνῶν
1064 1519 1311 1605 εἰπεῖν,ᾱοοοο11τ

242 1628 326 1694 ὅθεν
343 1627 400 1694 καί
418 1628 508 1705 ὅπως
526 1629 587 1710 τὴν
604 1630 833 1713 προσηγορίαν
851 1624 960 1690 αὐτῶν
978 1623 1112 1702 ἕκαστος
1128 1630 1255 1711 εἴληφε,

148 1781 150 1788 .
213 1733 296 1800 σκαί
329 1735 412 1820 ἅπερ
444 1730 522 1798 καθ’
550 1730 689 1797 ἕκαστον
720 1730 833 1796 αὐτῶν
863 1741 932 1809 τοῖς
956 1730 1124 1817 Ῥωμαίοις
1152 1733 1255 1799 πάλαι

151 1843 153 1848 ’
240 1841 520 1926 ταρατττὴρηται,
549 1837 611 1902 ὅσα
633 1859 670 1920 γε
693 1836 789 1921 ἡμεῖς
812 1835 848 1902 ἐκ
874 1849 940 1903 τῶν
958 1836 1144 1924 Ῥωμαϊκῶν
1167 1840 1254 1906 ἱστο-

240 1957 324 2032 ριῶν
344 1948 611 2031 παρειλήφαμεν·
637 1945 721 2030 πρὸς
748 1943 879 2021 τούτοις
904 1943 959 2010 καὶ
986 1944 1061 2032 περὶ
1088 1948 1254 2033 διαφορᾶς

238 2055 287 2118 ἔτι
315 2051 481 2139 πρότερον
511 2049 688 2135 ἐνιαυτῶν,
720 2050 855 2116 αἰώνων
884 2075 919 2118 τε
950 2051 1005 2118 καί
1036 2055 1167 2138 χρόνων
1195 2051 1251 2120 καὶ

237 2158 341 2245 ἀρχῆς
359 2157 500 2242 ἡμερῶν.
537 2154 667 2240 γένοιτο
685 2156 729 2223 ι’λν
746 2156 803 2223 καί
822 2167 918 2225 τοῦτο
940 2160 1050 2247 ὥσπερ
1067 2159 1200 2244 ἡδυσμολ
1217 2184 1250 2225 τι

196 2288 223 2329 το
236 2276 309 2344 ταῖς
330 2275 399 2331 τῶν
421 2267 558 2329 κολλῶν
581 2263 702 2340 ἀκοαῖς.

139 2381 228 2473 XYH
281 2409 311 2472 2.
327 2405 373 2471 ‘H
388 2406 514 2491 φυσικὴ
533 2405 638 2492 ἡμέρα
655 2405 720 2472 νἰπὸ
739 2417 808 2471 τῶν
825 2407 921 2492 ἡλίου
939 2406 1110 2474 ἀνατολῶν
1128 2405 1191 2485 ἕως
1204 2418 1302 2489 RrII‚1

130 2523 272 2579 XYHPS
282 2514 421 2597 δυσμῶν
430 2512 642 2597 λαμβάνεται,
657 2510 728 2579 ἀλλ’
744 2513 785 2578 οὐ
795 2514 884 2600 παρὰ
896 2523 998 2579 πᾶσιν
1008 2513 1119 2592 οὕτως.
1140 2518 1251 2601 Βαβυ-

237 2620 354 2686 λώνιοι
372 2613 435 2703 μὲν
456 2620 521 2704 γὰρ
545 2618 610 2685 ἀπὸ
633 2618 808 2685 ἀνατολῶν
836 2620 931 2704 ἡλίου
953 2619 1015 2698 ἕως
1037 2621 1147 2689 αὐτῶν
1170 2628 1250 2708 λαμ-

306 2936 333 2973 v.
348 2922 364 2971 2
384 2918 455 2987 Περὶ
473 2914 579 2988 ἡμέρας
596 2917 628 2971 X
679 2922 695 2970 3
715 2918 787 2985 Περὶ
811 2925 904 2987 μηνῶν
927 2918 975 2972 καί
998 2916 1102 2987 δρόμον
1123 2919 1247 2989 σελήνης.

234 2985 362 3059 μέλλοντί
379 3009 428 3058 μοι
446 2989 512 3058 περὶ
529 2997 585 3043 τῶν
602 2996 651 3058 τῆς
666 2986 784 3076 σελήνης
797 2985 923 3044 συνόδων
936 2987 1052 3056 ἐρεῖν..
1068 2987 1248 3082 ,ἀναγκαῖόν

232 3080 281 3130 μοι
299 3062 380 3116 δοκεῖ
392 3061 457 3128 περί
470 3069 527 3115 τῶν
541 3080 560 3130 μ
580 3069 636 3114 νῶν
649 3057 788 3127 πρότερον
802 3060 934 3115 είττεῑν-
944 3064 977 3114 10
987 3063 1093 3115 πολλῶν
1106 3059 1251 3127 ἄκοαῑςΗ

232 3131 251 3187 f.
268 3136 350 3187 1601·
425 3138 457 3186 11
478 3131 539 3186 ἐπεὶ
554 3079 585 3185 «λλ
600 3131 639 3194 είς
655 3129 687 3184 τὸ
705 3129 906 3221 ἡμερονρλκτιον
924 3130 1139 3202 κατηντήσαμεν,
1158 3134 1248 3223 χρεὼν

125 3223 131 3233 ’
233 3203 324 3259 είττετν
338 3204 387 3257 καί
406 3201 482 3266 ὅπως
499 3210 582 3256 τοῦτο
600 3198 735 3272 λογίζεται
753 3219 811 3270 τταρ
814 3200 965 3266 ’ἑκάστοις
981 3211 1039 3265 τοῖς
1056 3202 1177 3272 ἔθνεσιν,
1192 3201 1243 3260 εἶτ’

233 3270 285 3330 οὖν
299 3271 376 3337 ὅπως
388 3274 407 3345 ἡ
421 3270 511 3344 ἡμέρα
526 3281 671 3342 μετρεῖται
703 3273 874 3362 βαβρλώνιοι
891 3270 990 3342 μὲν
959 3292 1010 3329 ουν
1027 3272 1083 3329 ἄντί
1101 3276 1247 3332 ἀνατολῶν

231 3343 311 3414 ἡλίου
331 3341 411 3416 μέχρι
428 3353 483 3400 τῶν
507 3346 619 3434 δυσμῶν
637 3344 723 3399 αὑτοῦ
742 3343 794 3412 τὴν
817 3340 920 3413 ἡμέραν
936 3342 1089 3425 ὁρίζονται,
1111 3355 1161 3417 τῆς
1179 3368 1246 3402 νυκ-

230 3416 376 3487 τὸς-ρ.
396 3421 439 3485 νο,
451 3420 483 3470 12
508 3413 696 3484 ὀνομάζεσθαι
710 3412 770 3468 Pf.
787 3418 866 3467 1091·
884 3413 1064 3481 (Boissonade
1087 3417 1183 3471 anecd.
1203 3436 1243 3490 gr.

229 3435 1246 3628 1111908ηὲὅτι(οω11.Χ)ἡφυσικὴἪμῶρα-ρλολίντίταῑς

230 3556 457 3628 γενέσεσινΥ
479 3556 622 3628 ἡὴφυσικ
605 3553 804 3648 ἡὴμίρα-Ῑ)
813 3562 855 3625 20,
862 3561 893 3609 11
907 3557 1007 3621 νυκτὸς
1019 3556 1179 3628 ἡριθμησαν
1192 3560 1228 3614 Η
1238 3560 1243 3633 Ι

229 3637 279 3684 τοῦ
298 3627 380 3699 ἡλίου
399 3629 433 3684 Η
514 3634 547 3681 12
566 3626 795 3698 ἄττολαμβοίνεται
819 3628 848 3682 Y
868 3629 873 3697 Ι
897 3625 938 3683 ὅτι
957 3626 1039 3699 οίβα
1074 3630 1168 3684 λίινιοι
1186 3630 1243 3685 ἀπὸ

229 3701 424 3755 ἀνατολῶν-
389 3718 465 3770 -p
480 3703 546 3768 20‚4
565 3696 740 3768 γενέσεσινδ
812 3703 846 3752 13
864 3698 999 3769 ἀνατολῆς
1067 3703 1071 3771 Ι
1089 3698 1173 3789 μέχρι
1188 3711 1243 3757 τῶν

229 3772 341 3861 δυσμῶν
365 3773 452 3826 αὐτοῦ
475 3770 527 3840 τὴν
545 3720 651 3839 ἡμέραν
669 3768 811 3838 ὁρίζονται
830 3770 864 3838 Ρ,
886 3768 936 3834 ἕως
959 3707 1050 3826 αῆίιτῶν
1067 3770 1118 3841 τὴν
1136 3770 1244 3842 ἡμέραν

227 3839 403 3914 λαμβανουσι
422 3841 449 3909 S
468 3839 549 3911 ἡλίου
567 3839 645 3912 μέχρι
663 3841 776 3909 δυσμῶν
794 3811 964 3938 λαμβάνουσι
981 3842 1018 3896 Η
