3074 4598
289 474 354 540 184
402 473 538 529 ΥΒΑΘΜ
557 471 675 528 LIBRIS
693 473 742 527 DE
760 472 869 528 MENS.
889 474 1003 531 maso
1022 475 1186 532 TRIBUTA

246 637 541 723 Αάπεργάζονται,
568 637 650 722 ὅπερ
678 638 803 722 βροντὴ
830 628 974 725 λέγεται,
1002 641 1111 724 ὥσπερ
1139 639 1179 705 ἐν
1207 641 1313 708 ὕδατι

286 754 418 831 πνεῦμα
431 746 587 832 σφοδρῶς
605 743 844 830 ἐλαυνόμενον·
864 749 947 813 πατδι
965 743 1002 813 δὲ
1019 747 1081 830 τὴν
1097 756 1158 812 τοῦ
1177 747 1313 833 νέφους

286 853 421 938 έκρηξιν
442 847 603 937 πυρωθὲν
625 851 662 916 τὸ
684 861 817 938 πνεῦμα
838 855 973 939 λάμψαν
995 854 1144 940 άσιραπὴ
1161 853 1310 938 λέγεται.

244 968 272 1022 Y
353 959 375 1024 5
398 966 481 1036 (179).
504 955 575 1024 Ὅτι
600 960 831 1045 Φεβρουάριος
858 965 1034 1046 φθονήσας
1055 963 1217 1049 Καμίλλῳ
1236 973 1369 1030 dccsth

258 1091 272 1131 ε
285 1065 425 1151 μελέτην
434 1066 634 1150 τυραννίδος
643 1065 748 1132 αὐτοῦ
756 1068 975 1152 κατηγόρησε·
983 1079 1043 1135 τοῦ
1054 1065 1090 1135 δὲ
1099 1067 1310 1154 διωχθέντας

286 1170 341 1238 καὶ
374 1167 476 1250 αὖθις
501 1174 656 1239 καθόδου
683 1176 858 1259 τυχόντος,
889 1173 941 1239 ότι
969 1175 1235 1264 πολιορκουμένῃ
1263 1187 1307 1265 τῇ

285 1282 421 1365 πατρίδι
443 1281 526 1346 κατὰ
547 1282 609 1366 τὴν
632 1282 746 1366 φυγὴν
772 1278 968 1364 ἐβοήθησεν,
996 1282 1043 1357 εἰς
1065 1279 1213 1359 ἐξέτασιν
1239 1289 1308 1351 Φε-

286 1388 467 1474 βρουάριος
494 1389 608 1472 άγεται
630 1388 686 1454 καὶ
713 1388 882 1471 διώκεται,
908 1389 1079 1473 Κάμιλλος
1104 1384 1141 1454 δὲ
1162 1388 1219 1454 καὶ
1242 1393 1308 1457 τὸν

287 1492 463 1581 ἐπώνυμον
491 1495 595 1561 αὐτοῦ
622 1505 710 1579 μῆνα
736 1497 826 1580 παρδι
854 1495 934 1571 τοὺς
960 1496 1082 1571 ἄλλους
1109 1494 1308 1579 ἕκολόβωσε.

246 1612 269 1666 Ρ
351 1603 371 1667 6
391 1610 473 1679 (180).
495 1600 583 1667 Φασὶ
599 1603 663 1687 γάρ
682 1601 742 1684 την
756 1599 906 1685 Νέμεσιν
923 1601 963 1666 τά
981 1601 1135 1686 γλαφυρά
1149 1613 1219 1667 τῶν
1234 1613 1370 1671 dccsth

246 1736 272 1776 11
286 1709 488 1795 πραγμάτων
519 1709 567 1784 εἰς
596 1707 633 1773 τὸ
666 1709 809 1792 ἔμπαλιν
839 1704 973 1792 τρέπειν
1003 1717 1074 1783 ταῖς
1100 1707 1308 1792 ὑπερβολαῖς

285 1824 344 1899 τῆς
371 1814 485 1898 τύχης,
517 1816 562 1890 ὥς
589 1829 673 1898 φησι
696 1815 906 1898 Νουμήνιος,
938 1821 985 1901 τῷ
1011 1809 1048 1879 δὲ
1076 1812 1165 1901 αὐτῷ
1192 1824 1308 1904 τροχῷ

285 1921 347 2004 τὴν
370 1921 505 2005 ἰσότητα
527 1919 727 2004 ἐπάγουσαν,
751 1920 835 1986 ὅθεν
858 1919 876 1986 δ
899 1921 1100 2005 Μεσομηδης
1123 1919 1210 1987 οὕτω
1235 1947 1309 1990 που

284 2027 369 2113 πρὸς
391 2027 509 2113 αὐτήν·

245 2179 271 2222 ιε
490 2154 555 2219 ὑπὸ
579 2154 642 2219 σὸν
664 2155 785 2240 τροχὸν
808 2155 951 2219 άστατον
972 2153 1090 2238 ἀστιβῆ

491 2263 621 2346 χαροποὶ
642 2263 798 2346 μερόπων
820 2260 995 2345 στρέφεται
1017 2261 1106 2343 τάχα

358 2472 382 2508 v.
403 2460 436 2508 13
455 2453 629 2509 Mesomcdcs
646 2454 740 2524 hymn.
759 2452 790 2507 in
808 2451 941 2508 Nemesin
958 2471 983 2507 v.
999 2458 1022 2506 7.
1038 2456 1054 2506 8

358 2639 373 2699 ς
392 2638 444 2688 179
463 2649 479 2687 e
502 2630 647 2686 codicibus
671 2630 841 2685 recensionis
864 2632 894 2685 Υ
913 2630 1003 2685 edidit
1026 2634 1055 2685 ct
1075 2629 1147 2683 libro
1166 2630 1204 2684 dc
1223 2649 1309 2687 men-

169 2725 172 2730 ·
286 2704 364 2758 sibus
382 2702 537 2758 vindicavit
548 2701 583 2756 H.
597 2702 695 2772 Haupt
707 2702 801 2756 Herm.
816 2701 880 2755 XIV
897 2720 924 2772 p.
940 2707 1000 2770 296,
1018 2717 1075 2770 qua
1093 2701 1127 2755 de
1145 2717 1174 2755 re
1195 2700 1258 2756 dixi
1273 2702 1309 2759 in

228 2817 242 2829 ,
284 2774 470 2846 praefatione.
541 2791 566 2826 v.
582 2779 598 2826 6
616 2769 659 2835 οἷς
677 2773 710 2839 Υ,
730 2771 772 2827 ὅτι
787 2771 886 2842 scripsi
902 2777 906 2843 Ι
922 2769 1157 2840 πολιουρκουμένη
1172 2772 1208 2840 Υ,
1224 2776 1309 2842 quod

287 2845 394 2900 correxi
467 2842 532 2898 Ὶδὲ
551 2842 645 2897 ἔτεσιν
668 2844 702 2912 Υ,
719 2841 845 2908 ’ἐξέτασιν
862 2841 999 2913 temptavi
1071 2848 1086 2896 9
1104 2840 1245 2914 κολάβωσε
1267 2845 1308 2915 Υ,

286 2916 362 2986 quod
381 2914 488 2971 correxi
559 2920 574 2980 ξ
595 2920 646 2968 180
665 2914 696 2969 ἐκ
713 2924 769 2970 τῶν
788 2914 917 2981 ἱστοριῶν
939 2923 972 2969 ua
990 2922 1039 2968 τοῦ
1062 2911 1257 2983 φιλαδελφίας
1276 2919 1313 2972 Ρ

164 3046 169 3051 ,
285 2987 305 3042 f.
322 2992 389 3042 100v
404 2986 527 3056 (Cramer
539 2985 645 3040 Anccd.
660 2986 721 3040 Par.
734 2985 755 3053 Ι,
769 2989 841 3055 406),
856 3002 941 3054 quam
955 2984 1162 3056 paragraphum
1175 2988 1309 3042 tractavi

285 3058 316 3113 in
333 3056 547 3129 prolegomenis.
619 3062 655 3110 13
674 3053 822 3125 μεσοδίτης
840 3056 873 3123 Ρ,
893 3072 962 3111 corr.
981 3055 1093 3111 Cramer
