3074 4598
279 439 300 502 6
654 438 765 494 LIBER
781 438 918 495 PRIMUS

171 607 313 668 Poedroa
329 603 366 668 τὸ
388 604 546 689 σύνθημα
563 601 627 667 ἀπὸ
647 610 708 668 τοῦ
730 600 807 690 περὶ
830 605 868 670 τὸ
893 613 1027 691 πρᾶγμα
1048 605 1291 688 συμβαίνοντος

277 721 470 793 τηνικαῦτα·
497 709 667 792 εῑύθησαν
694 711 758 796 γὰρ
787 712 820 777 ολ
846 711 966 778 ύπατοι
989 709 1186 795 εὐωχεῖσθαι
1208 709 1290 797 πρύ-

276 840 374 903 τερον
404 816 441 882 ἐν
470 824 516 904 τῷ
543 814 675 903 θεοίτρηι
702 815 757 882 καὶ
785 820 868 903 μετὰ
897 820 958 904 την
987 817 1128 903 εὐωχίαν
1154 819 1195 882 τὰ
1221 828 1290 884 τῶν

275 935 398 1011 χειρῶν
417 921 571 1007 ἐκμαγεῖα
585 920 725 1008 ῥιπτεῖν,
744 925 826 1010 ἅπερ
841 934 881 1011 τῇ
897 926 1043 1012 ῥωμαικῇ
1059 934 1153 1012 φωνῇ
1171 926 1289 1009 μύππα

248 1028 443 1113 ιλίγονται,
477 1025 510 1107 ἐξ
539 1023 580 1094 οὗ
603 1025 658 1094 καὶ
681 1031 861 1114 μανδύλια·
883 1029 939 1097 καὶ
965 1041 1068 1098 ταῦτα
1101 1030 1290 1117 ἀναλαμβα-

275 1136 415 1220 νόμενος
450 1132 468 1200 δ
505 1137 683 1219 λεγόμενος
722 1137 910 1221 μαπποίριος
943 1138 1048 1215 εὐθὺς
1081 1139 1141 1205 τὸν
1173 1136 1287 1222 ἀγῶνα

174 1243 340 1306 YPOedsen.
349 1239 501 1308 ἐπετέλει.
528 1241 570 1307 ού
582 1238 686 1307 πλέον
704 1239 742 1308 δὲ
755 1254 823 1309 τῶν
842 1241 922 1308 ἑπτὰ
939 1242 1081 1328 κύκλων,
1095 1243 1154 1322 οδς
1168 1245 1288 1310 σιιύτια

276 1346 379 1415 οἱονεί
393 1349 511 1415 στοίδια
524 1345 580 1414 καὶ
597 1352 717 1433 μίσους
735 1348 809 1415 ἀντὶ
827 1359 889 1417 τοῦ
907 1351 1045 1434 ἄθλους,
1062 1347 1138 1437 περὶ
1151 1351 1213 1434 τὴν
1226 1373 1289 1417 πυ-

274 1458 408 1542 ραμίδα,
426 1457 469 1541 ἣν
482 1464 547 1522 νῦν
560 1454 681 1538 ὀβελὸν
696 1461 845 1541 καλοῦσι,
869 1458 1132 1541 διεπληκτίξοντο
1151 1456 1184 1523 ολ
1201 1456 1288 1540 ἀγω-

234 1579 261 1619 10
274 1560 384 1629 νισταὶ
408 1563 524 1629 διὰτὸ
548 1558 629 1628 ἕπτδι
651 1564 769 1628 στάδια
792 1559 880 1630 εἶναι
903 1565 940 1630 τὸ
962 1567 1076 1648 μίλιον
1096 1559 1151 1627 καὶ
1174 1562 1231 1627 διδι
1248 1563 1288 1629 τὸ

233 1668 260 1724 Υ
273 1671 454 1747 τοσούτους
476 1664 563 1735 εἶναι
585 1670 664 1746 τοὺς
686 1680 755 1763 τῶν
771 1673 949 1754 πλανήτων
965 1672 1099 1753 πόλους,
1123 1668 1182 1745 οὓς
1199 1671 1289 1735 Χαλ-

274 1777 363 1842 δαῖοι
381 1777 589 1862 στερεώματα
601 1780 773 1861 καλοῦσιν,
788 1776 869 1841 ἄνευ
882 1785 943 1843 τοῦ
959 1781 1165 1861 σεληνιακοῦ,
1179 1775 1287 1841 διὰτὸ

271 1881 385 1970 μέχρις
408 1882 512 1950 αὐτοῦ
535 1883 664 1967 διήκειν
690 1883 728 1948 τὸ
750 1891 811 1948 τοῦ
833 1885 957 1960 παντὸς
977 1881 1096 1951 ὑλικοῦ
1119 1882 1287 1967 σκύβαλον

236 1999 262 2054 Υ
275 1992 358 2056 κατὰ
369 1992 407 2058 τὸ
417 1993 542 2075 λύριον.
560 1989 715 2077 τέσσαρσι
725 1985 763 2056 δὲ
770 1988 826 2056 καὶ
840 1995 943 2056 είκοσι
957 1993 1124 2078 βραβείοις
1136 1991 1287 2057 τὸνπύν-

230 2120 257 2160 ιι
271 2123 312 2164 τα
330 2097 531 2166 συνετέλουν
548 2096 661 2182 ἀγῶνα
680 2098 737 2163 διδι
754 2099 814 2164 τὸν
830 2095 870 2163 έν
885 2098 1048 2185 πυραμίδι
1071 2102 1185 2182 λόγον·
1208 2098 1286 2164 δυο·

270 2208 406 2273 καίδεκα
419 2208 483 2293 γὰρ
502 2209 624 2290 γωνίας
638 2204 659 2289 ἡ
673 2202 819 2292 πυραμὶς
838 2203 1030 2290 ἐπιδέχεται,
1048 2203 1196 2270 τουτέστι
1216 2220 1285 2269 στε-

271 2314 348 2400 ρεὰς
365 2313 537 2400 τίσσαρας,
559 2307 607 2378 ὧν
626 2310 744 2396 ἑκοίστη
764 2310 800 2377 ἐκ
817 2322 933 2397 τριῶν·
956 2308 1008 2387 δὶς
1027 2306 1063 2375 δὲ
1081 2311 1140 2376 τὸν
1156 2311 1285 2375 δώδεκα

271 2419 419 2505 ἀριθμὸν
433 2422 481 2498 είς
495 2421 557 2486 δύο
571 2417 746 2505 τέμνοντες
759 2419 819 2484 τὸν
832 2426 890 2501 τῆς
902 2415 1024 2504 ἡμέρας
1035 2417 1153 2501 καιρὸν
1167 2417 1215 2481 ἔτι
1228 2412 1285 2481 καὶ

270 2535 336 2592 νῦν
353 2533 494 2593 τελοῦσι.
528 2524 583 2592 καὶ
602 2528 711 2603 ἄλλως
728 2523 769 2591 δέ
783 2547 853 2601 πως
865 2521 1044 2609 ἡπυραμὶς
1058 2523 1201 2611 ἁρμοδία
1214 2519 1284 2589 ἐστὶ

230 2651 257 2693 ¹0
270 2642 341 2710 τοῖς
372 2631 644 2719 ἀγωνιζομένοις,
680 2629 857 2717 Νεμέσεως
893 2633 955 2716 γὰρ
993 2626 1078 2696 εἶναι
1109 2633 1283 2715 νομιζεται.

234 2742 355 2805 Ρκατδ
377 2749 463 2824 γοῦν
485 2743 624 2825 μίμησιν
650 2748 709 2822 της
730 2740 858 2822 Κίρκης
884 2735 939 2803 καὶ
957 2734 1120 2822 Ῥωμύλος
1141 2736 1284 2821 ὕστερον

269 2848 382 2923 κτίσας
406 2847 467 2930 τὴν
484 2845 610 2931 Ῥώμην
631 2841 712 2929 μηνὶ
730 2842 910 2929 Ἀπριλλίῳ
932 2842 1061 2928 εἰκοστῇ
1084 2843 1283 2909 κατασκευαί-

270 2954 315 3030 ζει
338 2949 393 3016 καὶ
419 2951 642 3038 ἱπποδρόμιον
665 2948 703 3015 έν
726 2947 809 3033 αὐτῇ
832 2956 986 3013 τοιοῦτον
1003 2945 1058 3012 καὶ
1075 2950 1157 3013 κατὰ
1174 2949 1282 3013 πιίντα

270 3057 395 3142 ὅμοιον.
442 3055 575 3140 ἐποίησε
598 3052 635 3121 δέ
659 3057 696 3121 τὸ
719 3065 853 3140 πρῶτον
877 3053 1005 3139 ἅρματα
1027 3056 1115 3137 τρία·
1143 3053 1282 3141 ῥούσιον

229 3161 377 3251 ω”Λρεος
403 3165 477 3247 ἦτοι
499 3166 615 3251 πυρός,
639 3161 760 3228 λευκὸν
783 3160 868 3237 Διὸς
890 3161 963 3243 ἤτοι
987 3159 1093 3247 ἀέρος,
1115 3160 1281 3246 πρύσινον

340 3410 363 3449 v.
388 3398 404 3446 2
433 3392 571 3448 εἰώθεσαν
598 3389 626 3444 Ρ
732 3394 748 3443 5
771 3387 799 3454 ἐξ
827 3383 862 3442 οὗ
889 3389 937 3443 καὶ
964 3387 1102 3457 μανδύλια
1129 3387 1231 3442 desunt
1254 3389 1282 3443 P

270 3461 430 3519 λίπετίλιι.
468 3460 582 3524 ἑπτάκις
610 3457 641 3516 δὲ
666 3459 801 3515 ἐκύκλονν
826 3458 877 3514 τὸν
904 3458 1039 3526 εύριππον
1064 3459 1091 3514 ολ
1115 3457 1280 3530 ἀγωνιζόμε-

269 3554 314 3591 νοι
333 3536 361 3590 P
383 3539 387 3606 Ι
411 3534 520 3589 κύκλων
538 3531 599 3602 ἢτοι
617 3529 739 3586 σταδίαν
756 3531 820 3599 περὶ
843 3529 894 3599 τὴν
916 3531 946 3584 Y
1014 3536 1047 3585 10
1066 3529 1114 3585 διὰ
1132 3531 1196 3593 τοὺς
1210 3529 1279 3586 ἑπτὰ

268 3605 477 3676 πλανήταςΡΙ
500 3601 569 3660 λπτδι
583 3599 796 3658 στιλδια-διδι
813 3599 845 3655 τὸ
864 3599 941 3656 omis.
957 3600 1110 3657 Ycedren
1179 3607 1210 3655 11
1230 3601 1280 3664 οὓς

268 3678 458 3733 Χαλδαῖοι-
478 3681 513 3730 20
537 3673 675 3744 νομίζεται
703 3672 806 3727 desunt
828 3671 856 3726 P
939 3678 973 3727 13
997 3674 1082 3743 αὐτῆς
1109 3671 1223 3728 Cedten.
1247 3672 1279 3727 τὸ

268 3755 317 3817 της
330 3745 397 3818 ὕλης
411 3746 535 3813 Οεδτοιι,
549 3748 614 3817 pout
627 3745 766 3817 σκύβαλον
780 3743 1094 3813 desuntreliquausque
1104 3743 1148 3798 ad.
1157 3761 1184 3813 p.
1195 3749 1238 3813 8‚'1
1253 3743 1284 3799 Υ

270 3823 304 3873 22
323 3817 456 3888 ἂπριλλίω
475 3824 492 3874 i
511 3819 539 3873 P
