3074 4598
229 489 307 546 XXII
633 484 840 541 PRAEFATIO

229 659 289 720 tria
302 659 335 721 in
349 659 449 721 codice
472 656 547 717 folia
567 652 723 714 restabant
745 651 909 728 scripturae
933 651 1071 716 ductibus
1094 657 1247 734 vacantia,

231 750 385 826 explerent
405 748 461 808 illa
483 742 641 803 Laurentii
663 740 871 817 compendiosa
893 740 1041 820 doctrina,
1068 744 1114 804 itu
1135 746 1184 823 fit,
1210 750 1246 807 ut

230 838 262 897 in
285 837 400 897 ultimis
423 837 486 894 fere
509 850 625 908 semper
652 829 788 890 codicum
814 829 894 889 foliis
920 831 996 891 talia
1018 831 1147 910 Lydiani
1174 836 1245 896 libri

229 927 358 1005 vestigia
375 922 573 1000 reperiantur.
609 937 708 995 neque
725 920 828 978 tamen
850 917 888 976 ad
909 921 1126 983 restituendum
1142 924 1244 1002 ipsum

231 1015 342 1074 librum
372 1011 553 1087 cuiusquam
582 1007 727 1069 momenti
754 1008 836 1067 sunt:
867 1009 904 1066 ut
931 1009 1009 1069 enim
1034 1029 1081 1072 res
1109 1012 1182 1089 fert,
1208 1015 1244 1074 li-

228 1101 322 1162 brarii
345 1099 452 1159 animis
474 1097 571 1176 magis
597 1097 722 1157 intentis
747 1098 784 1155 ut
812 1095 920 1156 codicis
950 1097 1023 1159 folia
1052 1102 1244 1179 complerent,

230 1210 321 1269 quarn
343 1193 379 1249 ut
400 1187 538 1265 Lydiana
559 1185 651 1247 verba
673 1185 712 1244 ad
740 1184 893 1262 archetypi
920 1185 1009 1247 fidem
1036 1191 1244 1266 exprimerent,

230 1279 401 1356 saepissime
429 1295 484 1338 suo
511 1275 608 1335 Mente
639 1277 835 1335 mutarerunt
864 1293 942 1352 quae
970 1277 1179 1355 tradebantur,
1206 1282 1245 1339 ut

230 1368 342 1446 spatio,
374 1367 455 1445 quod
487 1363 666 1441 explendum
698 1363 755 1424 sibi
785 1366 1015 1441 proposuerant,
1045 1367 1142 1446 magis
1174 1386 1242 1429 con-

226 1457 371 1518 venirent
408 1461 511 1534 quare,
535 1452 615 1530 quod
631 1452 726 1513 nihilo
749 1453 843 1514 setius
864 1453 921 1514 hoc
942 1452 1008 1514 loco
1031 1455 1066 1514 de
1088 1457 1242 1517 nonnullis

226 1545 334 1607 horum
356 1545 492 1606 codicum
514 1542 648 1602 dicturus
672 1560 749 1618 sum,
770 1541 802 1601 id
823 1561 883 1603 non
903 1545 968 1603 tarn
990 1544 1119 1604 auctoris
1142 1546 1243 1623 gratia

228 1652 296 1695 sum
317 1635 453 1695 facturus
476 1649 568 1710 quum
590 1631 733 1705 codicum,
754 1631 791 1690 ut
810 1631 930 1692 tandem
950 1631 1086 1692 desinant
1103 1636 1242 1710 excerpta

228 1723 283 1782 illa
313 1741 463 1800 anonyma
490 1738 554 1780 esse
581 1722 636 1779 aut
662 1719 880 1797 pseudonyma,
911 1739 986 1780 neve
1016 1720 1078 1781 iam
1106 1721 1173 1799 quis
1205 1740 1241 1782 ea

229 1810 443 1888 perscrutcndo
476 1809 575 1870 oleum
607 1812 638 1869 et
674 1827 796 1886 operam
825 1808 939 1886 perdat
992 1809 1108 1889 inspexi
1140 1812 1241 1871 autem

226 1900 291 1977 ipse
313 1900 423 1960 talium
446 1898 582 1961 codicum
602 1898 657 1959 hos
680 1917 744 1959 sex:

294 1990 322 2049 1.
344 1987 539 2050 Parisinus
570 2006 723 2069 graecus
757 1988 840 2049 1346
872 1988 1121 2052 membranaceus
1147 2007 1168 2051 s.
1196 1989 1245 2049 XI*

225 2078 277 2139 fol.
306 2079 387 2155 276,
427 2077 620 2139 miscellanea
652 2076 887 2155 Byaentinorum
925 2079 1035 2156 scripte
1073 2079 1241 2154 continens,

227 2167 312 2228 cuius
343 2167 452 2229 codicis
483 2166 592 2239 ultima
621 2166 744 2245 quidem
772 2165 845 2227 folia
874 2159 962 2250 (275.
991 2159 1070 2249 276)
1100 2168 1240 2228 disserta·

226 2256 360 2318 tionibus
383 2258 532 2334 completa
555 2258 626 2317 sunt
648 2276 684 2317 ex
706 2255 876 2316 Herodiano
899 2258 930 2316 et
953 2255 1096 2334 Gregorio
1109 2256 1239 2316 Nazian-

227 2364 299 2406 zenc
321 2345 436 2425 petitis,
458 2344 596 2422 Lydiana
617 2363 688 2405 vero
710 2344 743 2404 in
765 2343 803 2404 iis
822 2363 898 2422 quae
916 2346 1097 2421 praecedunt
1115 2340 1148 2423 (t
1164 2346 1238 2405 273.

226 2431 304 2514 274)
327 2436 470 2514 leguntur
492 2434 661 2514 fragmenta
683 2451 729 2509 ea,
752 2451 828 2511 quae
851 2453 867 2493 e
889 2433 988 2494 codice
1005 2433 1032 2494 Β
1049 2454 1078 2511 p.
1094 2435 1236 2509 39‚19-

228 2525 281 2596 44,
291 2525 331 2585 21
358 2525 437 2584 'lieu
464 2523 614 2584 norimus:
647 2541 776 2601 quorum
797 2522 884 2583 initio
907 2521 1063 2584 exhibetur
1088 2525 1239 2584 tractatus

224 2609 291 2693 περὶ
318 2609 452 2693 pretereo
480 2610 519 2672 ad
545 2611 670 2673 verbum
696 2612 759 2671 fere
786 2629 854 2671 curn
882 2610 1031 2672 codiceit
1063 2630 1238 2692 congruens,

223 2700 283 2760 nisi
305 2701 388 2778 quod
409 2702 441 2762 in
463 2700 523 2760 fine
545 2703 614 2778 post
635 2707 689 2762 τοῦ
710 2696 796 2777 ἡλίου
821 2696 863 2779 (p.
883 2701 936 2775 40,
946 2701 985 2760 31
1010 2696 1101 2779 Treu)
1125 2701 1237 2761 addun-

223 2789 288 2848 tur:
311 2790 343 2850 οί
368 2785 400 2849 δὲ
422 2786 539 2869 ἀρχαῖοι
560 2788 656 2849 αἰτίαν
680 2785 765 2867 ἔσχον
792 2797 844 2867 τῆς
869 2784 971 2866 ἑορτῆς
997 2797 1050 2867 τῆς
1077 2788 1237 2867 νεομηνίας

225 2872 258 2935 ἐκ
280 2884 418 2953 φυσικῶν
440 2875 680 2956 παρατηρήσιων.
725 2873 800 2952 φασί
825 2873 880 2956 γὰρ
901 2874 971 2948 τοὺς
993 2877 1149 2955 μύρμηκας
1171 2893 1236 2956 σχο-

215 2963 322 3036 'idirco
339 2973 376 3049 τῇ
394 2962 538 3046 νεομηνίᾳ
556 2961 606 3024 τινί
623 2961 676 3035 τὰς
694 2961 769 3042 ἴβεις
786 2960 826 3040 νὴ
845 2959 917 3042 ὁρᾶν
933 2955 991 3044 (=
1005 2961 1079 3041 Lyd
1093 2964 1130 3024 de
1144 2982 1237 3024 mens.

222 3072 252 3130 p.
264 3045 453 3136 51,10sqq.)
472 3071 567 3129 usque
585 3050 624 3112 ad
641 3058 694 3112 τοῦ
713 3048 812 3129 φωτὸς
829 3049 920 3130 αὐτῆς
939 3043 981 3133 (p.
996 3053 1047 3129 52,
1058 3046 1101 3135 d).
1134 3072 1236 3114 secun·

223 3144 276 3201 tur
297 3141 403 3202 deinde
427 3160 471 3217 ea,
499 3141 608 3218 quibus
629 3140 803 3201 inscribitur
825 3139 860 3200 de
886 3140 1076 3220 generatione
1098 3140 1236 3218 hominis,

224 3247 291 3290 cum
312 3229 348 3290 τὰ
366 3228 433 3309 περί
450 3228 612 3309 ποσότητος
627 3237 686 3290 τῶν
700 3225 876 3306 τικτομένων
895 3228 1083 3304 omittuntur3
1106 3233 1172 3290 tum
1189 3231 1234 3289 in·

223 3317 298 3394 cipit
314 3321 463 3379 tractatus
477 3316 522 3377 dre
536 3314 552 3378 d
566 3317 662 3398 ίστρος
682 3314 698 3377 d
715 3315 856 3396 ποταμός,
873 3317 921 3378 cui
935 3317 1149 3379 subnectuntur
1160 3337 1241 3379 non-

221 3406 308 3466 nulla
326 3407 363 3467 de
382 3405 546 3467 Octaviano
564 3407 713 3485 Augusto,
736 3405 790 3484 qui
808 3404 1008 3483 Septembrem
1029 3426 1161 3469 mensem
1177 3407 1234 3468 ini·

221 3494 299 3555 tium
311 3495 483 3557 indictionis
497 3495 602 3555 fecerit
614 3500 645 3556 et
659 3494 766 3556 Sextili
779 3512 865 3555 suum
878 3515 984 3557 noman
992 3496 1142 3572 indiderit,
1156 3496 1241 3557 eiua·

222 3583 369 3645 demsere
392 3584 514 3660 tenoris,
538 3583 622 3644 cuius
644 3602 781 3660 eaquae
802 3587 964 3645 narrantur
980 3586 1008 3644 Β
1024 3606 1054 3663 p.
1073 3586 1102 3661 8,
1123 3586 1229 3645 3-11

224 3672 312 3748 iheu,
329 3673 422 3751 paulo
435 3677 555 3733 tantum
569 3672 755 3749 discrepante
769 3671 991 3734 enuntiatorum
1005 3673 1115 3735 ordine.
1148 3672 1233 3734 cuius

223 3761 333 3834 codicis
356 3762 498 3823 lectiones
522 3761 547 3822 si
570 3760 730 3822 contuleris
752 3780 820 3822 cum
840 3760 868 3820 Β
888 3761 995 3839 verbis,
1017 3763 1091 3824 adeo
1113 3762 1234 3823 illorum

226 3849 338 3912 similes
361 3850 503 3927 invenies,
526 3853 562 3910 ut
583 3853 744 3928 auumque
771 3850 974 3931 apographum
1001 3851 1054 3912 uni
1081 3850 1234 3929 eidemque
