<?xml version="1.0" encoding="UTF-8"?>
<!DOCTYPE html PUBLIC "-//W3C//DTD XHTML 1.0 Transitional//EN"
    "http://www.w3.org/TR/xhtml1/DTD/xhtml1-transitional.dtd">
<html xmlns="http://www.w3.org/1999/xhtml" xml:lang="en" lang="en">
 <head>
  <title>
</title>
<meta http-equiv="Content-Type" content="text/html;charset=utf-8" />
  <meta name='ocr-system' content='tesseract 3.04.00' />
  <meta name='ocr-capabilities' content='ocr_page ocr_carea ocr_par ocr_line ocrx_word'/>
</head>
<body>
  <div class='ocr_page' id='page_1' title='image "./ioannislaurenti00wuengoog_0146.png"; bbox 0 0 3074 4598; ppageno 0'>
   <div class='ocr_carea' id='block_1_1' title="bbox 599 477 1239 542">
    <p class='ocr_par' dir='ltr' id='par_1_1' title="bbox 599 477 1239 542">
     <span class='ocr_line' id='line_1_1' title="bbox 599 477 1239 542; baseline 0.016 -11"><span class='ocrx_word' id='word_1_1' title='bbox 599 477 709 532; x_wconf 86' lang='lat' dir='ltr'>LIBER</span> <span class='ocrx_word' id='word_1_2' title='bbox 726 477 880 532; x_wconf 83' lang='lat' dir='ltr'>TERTIUS</span> <span class='ocrx_word' id='word_1_3' title='bbox 1197 478 1239 542; x_wconf 88' lang='lat'><strong><em>41</em></strong></span> 
     </span>
    </p>
   </div>
   <div class='ocr_carea' id='block_1_2' title="bbox 164 636 1315 1571">
    <p class='ocr_par' dir='ltr' id='par_1_2' title="bbox 234 636 1283 810">
     <span class='ocr_line' id='line_1_2' title="bbox 234 636 1283 726; baseline -0.003 -21"><span class='ocrx_word' id='word_1_4' title='bbox 234 639 335 726; x_wconf 79' lang='grc' dir='ltr'><strong><em>μησὶν</em></strong></span> <span class='ocrx_word' id='word_1_5' title='bbox 357 639 532 705; x_wconf 85' lang='grc' dir='ltr'><strong><em>ἐπιδοῦναι</em></strong></span> <span class='ocrx_word' id='word_1_6' title='bbox 562 637 618 703; x_wconf 79' lang='grc' dir='ltr'><strong><em>καὶ</em></strong></span> <span class='ocrx_word' id='word_1_7' title='bbox 650 638 752 723; x_wconf 86' lang='grc' dir='ltr'><strong><em>ταύτη</em></strong></span> <span class='ocrx_word' id='word_1_8' title='bbox 780 637 919 720; x_wconf 78' lang='grc' dir='ltr'><strong><em>ἡλιακὸν</em></strong></span> <span class='ocrx_word' id='word_1_9' title='bbox 954 636 1150 704; x_wconf 77' lang='grc' dir='ltr'><strong><em>ἀποτελέσαι</em></strong></span> <span class='ocrx_word' id='word_1_10' title='bbox 1184 638 1244 703; x_wconf 89' lang='grc' dir='ltr'><strong><em>τὸν</em></strong></span> <span class='ocrx_word' id='word_1_11' title='bbox 1257 649 1283 702; x_wconf 87' lang='lat' dir='ltr'>X</span> 
     </span>
     <span class='ocr_line' id='line_1_3' title="bbox 235 744 397 810; baseline -0.012 0"><span class='ocrx_word' id='word_1_12' title='bbox 235 744 397 810; x_wconf 78' lang='grc' dir='ltr'><strong><em>ἐνιαυτόν.</em></strong></span> 
     </span>
    </p>

    <p class='ocr_par' dir='ltr' id='par_1_3' title="bbox 182 844 1315 1253">
     <span class='ocr_line' id='line_1_4' title="bbox 182 844 1315 934; baseline -0.004 -19"><span class='ocrx_word' id='word_1_13' title='bbox 182 860 294 927; x_wconf 75' lang='lat' dir='ltr'>R1111,4</span> <span class='ocrx_word' id='word_1_14' title='bbox 315 851 343 913; x_wconf 77' lang='grc' dir='ltr'><strong><em>Ἰ.</em></strong></span> <span class='ocrx_word' id='word_1_15' title='bbox 357 847 429 914; x_wconf 86' lang='grc' dir='ltr'><strong><em>Ὅτι</em></strong></span> <span class='ocrx_word' id='word_1_16' title='bbox 451 846 603 934; x_wconf 85' lang='grc' dir='ltr'><strong><em>βίσεξτον</em></strong></span> <span class='ocrx_word' id='word_1_17' title='bbox 625 847 754 930; x_wconf 90' lang='grc' dir='ltr'><strong><em>λέγεται</em></strong></span> <span class='ocrx_word' id='word_1_18' title='bbox 777 848 833 911; x_wconf 85' lang='grc' dir='ltr'><strong><em>διά</em></strong></span> <span class='ocrx_word' id='word_1_19' title='bbox 852 847 889 911; x_wconf 87' lang='grc' dir='ltr'><strong><em>τὸ</em></strong></span> <span class='ocrx_word' id='word_1_20' title='bbox 909 844 961 921; x_wconf 82' lang='grc' dir='ltr'><strong><em>δὶς</em></strong></span> <span class='ocrx_word' id='word_1_21' title='bbox 982 847 1047 930; x_wconf 89' lang='grc' dir='ltr'><strong><em>πρὸ</em></strong></span> <span class='ocrx_word' id='word_1_22' title='bbox 1067 845 1100 923; x_wconf 71' lang='grc' dir='ltr'><strong><em>ἐξ</em></strong></span> <span class='ocrx_word' id='word_1_23' title='bbox 1118 848 1246 912; x_wconf 90' lang='grc' dir='ltr'><strong><em>Καλεν-</em></strong></span> <span class='ocrx_word' id='word_1_24' title='bbox 1259 857 1315 913; x_wconf 84' lang='grc' dir='ltr'><strong><em>ΧΥ</em></strong></span> 
     </span>
     <span class='ocr_line' id='line_1_5' title="bbox 235 949 1286 1039; baseline 0 -21"><span class='ocrx_word' id='word_1_25' title='bbox 235 955 305 1018; x_wconf 91' lang='grc' dir='ltr'><strong><em>δῶν</em></strong></span> <span class='ocrx_word' id='word_1_26' title='bbox 335 956 500 1039; x_wconf 81' lang='grc' dir='ltr'><strong><em>Μαρτίων</em></strong></span> <span class='ocrx_word' id='word_1_27' title='bbox 530 952 689 1038; x_wconf 73' lang='grc' dir='ltr'><strong><em>ἀριθμεῖν</em></strong></span> <span class='ocrx_word' id='word_1_28' title='bbox 720 953 809 1037; x_wconf 89' lang='grc' dir='ltr'><strong><em>παρά</em></strong></span> <span class='ocrx_word' id='word_1_29' title='bbox 840 953 1029 1036; x_wconf 80' lang='grc' dir='ltr'><strong><em>τετραετίαν</em></strong></span> <span class='ocrx_word' id='word_1_30' title='bbox 1058 949 1247 1036; x_wconf 84' lang='grc' dir='ltr'><strong><em>Ῥωμαίους,</em></strong></span> <span class='ocrx_word' id='word_1_31' title='bbox 1260 965 1286 1018; x_wconf 87' lang='lat' dir='ltr'>Y</span> 
     </span>
     <span class='ocr_line' id='line_1_6' title="bbox 230 1056 1286 1148; baseline -0.002 -23"><span class='ocrx_word' id='word_1_32' title='bbox 230 1058 290 1125; x_wconf 81' lang='grc' dir='ltr'><strong><em>καὶ</em></strong></span> <span class='ocrx_word' id='word_1_33' title='bbox 317 1058 483 1148; x_wconf 77' lang='grc' dir='ltr'><strong><em>ἐντούτῳ</em></strong></span> <span class='ocrx_word' id='word_1_34' title='bbox 506 1059 566 1124; x_wconf 91' lang='grc' dir='ltr'><strong><em>τὸν</em></strong></span> <span class='ocrx_word' id='word_1_35' title='bbox 593 1059 794 1142; x_wconf 79' lang='grc' dir='ltr'><strong><em>ζωογονικὸν</em></strong></span> <span class='ocrx_word' id='word_1_36' title='bbox 821 1057 969 1143; x_wconf 89' lang='grc' dir='ltr'><strong><em>ἀριθμὸν</em></strong></span> <span class='ocrx_word' id='word_1_37' title='bbox 996 1056 1246 1144; x_wconf 78' lang='grc' dir='ltr'><strong><em>ἐπιτηροῦντας·</em></strong></span> <span class='ocrx_word' id='word_1_38' title='bbox 1273 1081 1286 1123; x_wconf 85' lang='grc' dir='ltr'><strong><em>ι</em></strong></span> 
     </span>
     <span class='ocr_line' id='line_1_7' title="bbox 231 1161 1218 1253; baseline -0.003 -20"><span class='ocrx_word' id='word_1_39' title='bbox 231 1164 429 1253; x_wconf 88' lang='grc' dir='ltr'><strong><em>Ἀφροδίτης</em></strong></span> <span class='ocrx_word' id='word_1_40' title='bbox 452 1162 489 1232; x_wconf 74' lang='grc' dir='ltr'><strong><em>δέ</em></strong></span> <span class='ocrx_word' id='word_1_41' title='bbox 512 1161 620 1250; x_wconf 84' lang='grc' dir='ltr'><strong><em>οὗτος,</em></strong></span> <span class='ocrx_word' id='word_1_42' title='bbox 644 1168 765 1252; x_wconf 80' lang='grc' dir='ltr'><strong><em>ἔφορος</em></strong></span> <span class='ocrx_word' id='word_1_43' title='bbox 788 1161 825 1231; x_wconf 74' lang='grc' dir='ltr'><strong><em>δέ</em></strong></span> <span class='ocrx_word' id='word_1_44' title='bbox 844 1164 1011 1250; x_wconf 91' lang='grc' dir='ltr'><strong><em>Ῥωμαίων</em></strong></span> <span class='ocrx_word' id='word_1_45' title='bbox 1028 1163 1218 1251; x_wconf 83' lang='grc' dir='ltr'><strong><em>Ἀφροδίτη.</em></strong></span> 
     </span>
    </p>

    <p class='ocr_par' dir='ltr' id='par_1_4' title="bbox 164 1271 1249 1571">
     <span class='ocr_line' id='line_1_8' title="bbox 164 1271 1249 1361; baseline -0.005 -19"><span class='ocrx_word' id='word_1_46' title='bbox 164 1302 167 1307; x_wconf 92' lang='grc'><em>·</em></span> <span class='ocrx_word' id='word_1_47' title='bbox 203 1293 219 1342; x_wconf 84' lang='lat'><strong>5</strong></span> <span class='ocrx_word' id='word_1_48' title='bbox 305 1275 335 1340; x_wconf 91' lang='lat'><strong><em>8.</em></strong></span> <span class='ocrx_word' id='word_1_49' title='bbox 354 1272 426 1340; x_wconf 79' lang='grc' dir='ltr'><strong><em>’Ότι</em></strong></span> <span class='ocrx_word' id='word_1_50' title='bbox 448 1274 468 1358; x_wconf 84' lang='grc' dir='ltr'><strong><em>ή</em></strong></span> <span class='ocrx_word' id='word_1_51' title='bbox 493 1275 613 1358; x_wconf 81' lang='grc' dir='ltr'><strong><em>σελήνη</em></strong></span> <span class='ocrx_word' id='word_1_52' title='bbox 635 1284 804 1359; x_wconf 89' lang='grc' dir='ltr'><strong><em>προσεχῶς</em></strong></span> <span class='ocrx_word' id='word_1_53' title='bbox 832 1271 1003 1358; x_wconf 78' lang='grc' dir='ltr'><strong><em>ἐπιβέβηκε</em></strong></span> <span class='ocrx_word' id='word_1_54' title='bbox 1028 1280 1074 1360; x_wconf 75' lang='grc' dir='ltr'><strong><em>τῷ</em></strong></span> <span class='ocrx_word' id='word_1_55' title='bbox 1100 1281 1249 1361; x_wconf 76' lang='grc' dir='ltr'><strong><em>γεννητῷ</em></strong></span> 
     </span>
     <span class='ocr_line' id='line_1_9' title="bbox 235 1376 1243 1466; baseline -0.002 -20"><span class='ocrx_word' id='word_1_56' title='bbox 235 1379 336 1446; x_wconf 75' lang='grc' dir='ltr'><strong><em>παντὶ</em></strong></span> <span class='ocrx_word' id='word_1_57' title='bbox 364 1379 420 1446; x_wconf 78' lang='grc' dir='ltr'><strong><em>καὶ</em></strong></span> <span class='ocrx_word' id='word_1_58' title='bbox 450 1381 559 1445; x_wconf 90' lang='grc' dir='ltr'><strong><em>πάντα</em></strong></span> <span class='ocrx_word' id='word_1_59' title='bbox 594 1383 794 1466; x_wconf 84' lang='grc' dir='ltr'><strong><em>κυβερνᾶται</em></strong></span> <span class='ocrx_word' id='word_1_60' title='bbox 826 1381 867 1444; x_wconf 84' lang='grc' dir='ltr'><strong><em>τά</em></strong></span> <span class='ocrx_word' id='word_1_61' title='bbox 898 1380 976 1465; x_wconf 76' lang='grc' dir='ltr'><strong><em>τῇδε</em></strong></span> <span class='ocrx_word' id='word_1_62' title='bbox 1008 1377 1156 1463; x_wconf 77' lang='grc' dir='ltr'><strong><em>ἐναργῶς</em></strong></span> <span class='ocrx_word' id='word_1_63' title='bbox 1186 1376 1243 1444; x_wconf 81' lang='grc' dir='ltr'><strong><em>ὑπ’</em></strong></span> 
     </span>
     <span class='ocr_line' id='line_1_10' title="bbox 236 1486 717 1571; baseline 0 -21"><span class='ocrx_word' id='word_1_64' title='bbox 236 1486 349 1571; x_wconf 80' lang='grc' dir='ltr'><strong><em>αὐτῆς,</em></strong></span> <span class='ocrx_word' id='word_1_65' title='bbox 371 1487 416 1563; x_wconf 80' lang='grc' dir='ltr'><strong><em>ὡς</em></strong></span> <span class='ocrx_word' id='word_1_66' title='bbox 438 1488 478 1551; x_wconf 87' lang='grc' dir='ltr'><strong><em>τά</em></strong></span> <span class='ocrx_word' id='word_1_67' title='bbox 502 1487 598 1570; x_wconf 90' lang='grc' dir='ltr'><strong><em>λόγιά</em></strong></span> <span class='ocrx_word' id='word_1_68' title='bbox 620 1502 717 1570; x_wconf 91' lang='grc' dir='ltr'><strong><em>φασι·</em></strong></span> 
     </span>
    </p>
   </div>
   <div class='ocr_carea' id='block_1_3' title="bbox 325 1643 1291 2048">
    <p class='ocr_par' dir='ltr' id='par_1_5' title="bbox 325 1643 1291 1943">
     <span class='ocr_line' id='line_1_11' title="bbox 325 1643 1291 1731; baseline -0.004 -19"><span class='ocrx_word' id='word_1_69' title='bbox 325 1646 469 1731; x_wconf 85' lang='grc' dir='ltr'><strong><em>Νύμφαι</em></strong></span> <span class='ocrx_word' id='word_1_70' title='bbox 490 1655 629 1729; x_wconf 80' lang='grc' dir='ltr'><strong><em>πηγαίαι</em></strong></span> <span class='ocrx_word' id='word_1_71' title='bbox 650 1643 706 1710; x_wconf 78' lang='grc' dir='ltr'><strong><em>καὶ</em></strong></span> <span class='ocrx_word' id='word_1_72' title='bbox 728 1643 866 1728; x_wconf 85' lang='grc' dir='ltr'><strong><em>ἐνύδρια</em></strong></span> <span class='ocrx_word' id='word_1_73' title='bbox 888 1644 1059 1728; x_wconf 91' lang='grc' dir='ltr'><strong><em>πνεύματα</em></strong></span> <span class='ocrx_word' id='word_1_74' title='bbox 1081 1644 1189 1708; x_wconf 91' lang='grc' dir='ltr'><strong><em>πάντα</em></strong></span> <span class='ocrx_word' id='word_1_75' title='bbox 1263 1668 1291 1708; x_wconf 84' lang='grc' dir='ltr'><strong><em>ιο</em></strong></span> 
     </span>
     <span class='ocr_line' id='line_1_12' title="bbox 325 1747 1230 1837; baseline -0.003 -19"><span class='ocrx_word' id='word_1_76' title='bbox 325 1751 382 1818; x_wconf 84' lang='grc' dir='ltr'><strong><em>καὶ</em></strong></span> <span class='ocrx_word' id='word_1_77' title='bbox 404 1754 538 1837; x_wconf 78' lang='grc' dir='ltr'><strong><em>χθόνιοι</em></strong></span> <span class='ocrx_word' id='word_1_78' title='bbox 560 1754 678 1817; x_wconf 86' lang='grc' dir='ltr'><strong><em>κόλποι</em></strong></span> <span class='ocrx_word' id='word_1_79' title='bbox 699 1750 777 1834; x_wconf 88' lang='grc' dir='ltr'><strong><em>&lt;τε&gt;</em></strong></span> <span class='ocrx_word' id='word_1_80' title='bbox 799 1747 855 1814; x_wconf 84' lang='grc' dir='ltr'><strong><em>καλ</em></strong></span> <span class='ocrx_word' id='word_1_81' title='bbox 877 1748 984 1835; x_wconf 81' lang='grc' dir='ltr'><strong><em>ἠέριοι</em></strong></span> <span class='ocrx_word' id='word_1_82' title='bbox 1006 1747 1062 1814; x_wconf 78' lang='grc' dir='ltr'><strong><em>καὶ</em></strong></span> <span class='ocrx_word' id='word_1_83' title='bbox 1084 1749 1230 1832; x_wconf 84' lang='grc' dir='ltr'><strong><em>ύπαυγοι</em></strong></span> 
     </span>
     <span class='ocr_line' id='line_1_13' title="bbox 327 1852 1052 1943; baseline -0.007 -20"><span class='ocrx_word' id='word_1_84' title='bbox 327 1869 462 1943; x_wconf 84' lang='grc' dir='ltr'><strong><em>μηναίοι</em></strong></span> <span class='ocrx_word' id='word_1_85' title='bbox 484 1859 589 1940; x_wconf 82' lang='grc' dir='ltr'><strong><em>πάσης</em></strong></span> <span class='ocrx_word' id='word_1_86' title='bbox 612 1855 802 1941; x_wconf 77' lang='grc' dir='ltr'><strong><em>ἐπιβήτορες</em></strong></span> <span class='ocrx_word' id='word_1_87' title='bbox 820 1852 872 1938; x_wconf 80' lang='grc' dir='ltr'><strong><em>ἠδ’</em></strong></span> <span class='ocrx_word' id='word_1_88' title='bbox 901 1853 1052 1939; x_wconf 79' lang='grc' dir='ltr'><strong><em>ἐπιβῆναι</em></strong></span> 
     </span>
    </p>

    <p class='ocr_par' dir='ltr' id='par_1_6' title="bbox 328 1958 1163 2048">
     <span class='ocr_line' id='line_1_14' title="bbox 328 1958 1163 2048; baseline -0.006 -19"><span class='ocrx_word' id='word_1_89' title='bbox 328 1964 410 2047; x_wconf 85' lang='grc' dir='ltr'><strong><em>ύλης</em></strong></span> <span class='ocrx_word' id='word_1_90' title='bbox 433 1963 592 2048; x_wconf 84' lang='grc' dir='ltr'><strong><em>οὐρανίας</em></strong></span> <span class='ocrx_word' id='word_1_91' title='bbox 613 1984 649 2026; x_wconf 89' lang='grc' dir='ltr'><strong><em>τε</em></strong></span> <span class='ocrx_word' id='word_1_92' title='bbox 671 1958 726 2025; x_wconf 82' lang='grc' dir='ltr'><strong><em>καλ</em></strong></span> <span class='ocrx_word' id='word_1_93' title='bbox 745 1959 898 2045; x_wconf 78' lang='grc' dir='ltr'><strong><em>ἀστερίας</em></strong></span> <span class='ocrx_word' id='word_1_94' title='bbox 920 1959 976 2024; x_wconf 82' lang='grc' dir='ltr'><strong><em>καὶ</em></strong></span> <span class='ocrx_word' id='word_1_95' title='bbox 998 1959 1163 2042; x_wconf 85' lang='grc' dir='ltr'><strong><em>ἀβύσσων.</em></strong></span> 
     </span>
    </p>
   </div>
   <div class='ocr_carea' id='block_1_4' title="bbox 239 2115 1347 3154">
    <p class='ocr_par' dir='ltr' id='par_1_7' title="bbox 239 2115 1347 2413">
     <span class='ocr_line' id='line_1_15' title="bbox 239 2115 1347 2205; baseline -0.003 -21"><span class='ocrx_word' id='word_1_96' title='bbox 239 2130 300 2186; x_wconf 88' lang='grc' dir='ltr'><strong><em>τοῦ</em></strong></span> <span class='ocrx_word' id='word_1_97' title='bbox 322 2123 385 2205; x_wconf 88' lang='grc' dir='ltr'><strong><em>γάρ</em></strong></span> <span class='ocrx_word' id='word_1_98' title='bbox 409 2124 627 2202; x_wconf 86' lang='grc' dir='ltr'><strong><em>μεταβολικοῦ</em></strong></span> <span class='ocrx_word' id='word_1_99' title='bbox 652 2120 800 2200; x_wconf 82' lang='grc' dir='ltr'><strong><em>σώματος</em></strong></span> <span class='ocrx_word' id='word_1_100' title='bbox 822 2119 904 2182; x_wconf 82' lang='grc' dir='ltr'><strong><em>κατὰ</em></strong></span> <span class='ocrx_word' id='word_1_101' title='bbox 927 2118 988 2199; x_wconf 89' lang='grc' dir='ltr'><strong><em>τήν</em></strong></span> <span class='ocrx_word' id='word_1_102' title='bbox 1011 2115 1175 2201; x_wconf 84' lang='grc' dir='ltr'><strong><em>σφετέραν</em></strong></span> <span class='ocrx_word' id='word_1_103' title='bbox 1191 2126 1253 2181; x_wconf 85' lang='grc' dir='ltr'><strong><em>τοῦ</em></strong></span> <span class='ocrx_word' id='word_1_104' title='bbox 1266 2135 1347 2189; x_wconf 75' lang='lat' dir='ltr'><strong><em>XYS</em></strong></span> 
     </span>
     <span class='ocr_line' id='line_1_16' title="bbox 240 2216 1293 2309; baseline -0.003 -20"><span class='ocrx_word' id='word_1_105' title='bbox 240 2225 364 2309; x_wconf 92' lang='grc' dir='ltr'><strong><em>βάρους</em></strong></span> <span class='ocrx_word' id='word_1_106' title='bbox 391 2222 574 2304; x_wconf 85' lang='grc' dir='ltr'><strong><em>ἀναλογίαν</em></strong></span> <span class='ocrx_word' id='word_1_107' title='bbox 600 2231 638 2306; x_wconf 76' lang='grc' dir='ltr'><strong><em>τῇ</em></strong></span> <span class='ocrx_word' id='word_1_108' title='bbox 666 2231 708 2306; x_wconf 74' lang='grc' dir='ltr'><strong><em>γῇ</em></strong></span> <span class='ocrx_word' id='word_1_109' title='bbox 735 2220 974 2306; x_wconf 79' lang='grc' dir='ltr'><strong><em>περιχυθέντος</em></strong></span> <span class='ocrx_word' id='word_1_110' title='bbox 1002 2219 1185 2302; x_wconf 84' lang='grc' dir='ltr'><strong><em>ἀναγκαίου</em></strong></span> <span class='ocrx_word' id='word_1_111' title='bbox 1211 2216 1254 2303; x_wconf 82' lang='grc' dir='ltr'><strong><em>ἦν</em></strong></span> <span class='ocrx_word' id='word_1_112' title='bbox 1267 2244 1293 2286; x_wconf 79' lang='grc' dir='ltr'><strong><em>ιο</em></strong></span> 
     </span>
     <span class='ocr_line' id='line_1_17' title="bbox 240 2325 1254 2413; baseline -0.004 -20"><span class='ocrx_word' id='word_1_113' title='bbox 240 2329 277 2395; x_wconf 89' lang='grc' dir='ltr'><strong><em>τὸ</em></strong></span> <span class='ocrx_word' id='word_1_114' title='bbox 301 2328 423 2413; x_wconf 85' lang='grc' dir='ltr'><strong><em>μέλλον</em></strong></span> <span class='ocrx_word' id='word_1_115' title='bbox 445 2329 636 2410; x_wconf 79' lang='grc' dir='ltr'><strong><em>πλησιάζειν</em></strong></span> <span class='ocrx_word' id='word_1_116' title='bbox 659 2326 742 2412; x_wconf 78' lang='grc' dir='ltr'><strong><em>αὐτῇ</em></strong></span> <span class='ocrx_word' id='word_1_117' title='bbox 772 2327 879 2409; x_wconf 90' lang='grc' dir='ltr'><strong><em>πάσης</em></strong></span> <span class='ocrx_word' id='word_1_118' title='bbox 901 2325 1050 2409; x_wconf 83' lang='grc' dir='ltr'><strong><em>μετέχειν</em></strong></span> <span class='ocrx_word' id='word_1_119' title='bbox 1073 2325 1254 2409; x_wconf 91' lang='grc' dir='ltr'><strong><em>δυνάμεως.</em></strong></span> 
     </span>
    </p>

    <p class='ocr_par' dir='ltr' id='par_1_8' title="bbox 241 2431 1296 3048">
     <span class='ocr_line' id='line_1_18' title="bbox 241 2431 1255 2518; baseline -0.005 -19"><span class='ocrx_word' id='word_1_120' title='bbox 241 2434 295 2500; x_wconf 92' lang='grc' dir='ltr'><strong><em>διὸ</em></strong></span> <span class='ocrx_word' id='word_1_121' title='bbox 321 2433 626 2518; x_wconf 91' lang='grc' dir='ltr'><strong><em>περιαρμοσάμενος</em></strong></span> <span class='ocrx_word' id='word_1_122' title='bbox 648 2431 667 2497; x_wconf 88' lang='grc' dir='ltr'>ὁ</span> <span class='ocrx_word' id='word_1_123' title='bbox 692 2433 773 2506; x_wconf 91' lang='grc' dir='ltr'><strong><em>θεὸς</em></strong></span> <span class='ocrx_word' id='word_1_124' title='bbox 797 2432 858 2514; x_wconf 88' lang='grc' dir='ltr'><strong><em>τήν</em></strong></span> <span class='ocrx_word' id='word_1_125' title='bbox 886 2431 1085 2513; x_wconf 86' lang='grc' dir='ltr'><strong><em>σεληνιακήν</em></strong></span> <span class='ocrx_word' id='word_1_126' title='bbox 1108 2441 1255 2515; x_wconf 80' lang='grc' dir='ltr'><strong><em>σφαῖραν</em></strong></span> 
     </span>
     <span class='ocr_line' id='line_1_19' title="bbox 241 2537 1254 2623; baseline -0.004 -19"><span class='ocrx_word' id='word_1_127' title='bbox 241 2539 346 2622; x_wconf 82' lang='grc' dir='ltr'><strong><em>πάσης</em></strong></span> <span class='ocrx_word' id='word_1_128' title='bbox 368 2538 570 2623; x_wconf 88' lang='grc' dir='ltr'><strong><em>μετέχουσαν</em></strong></span> <span class='ocrx_word' id='word_1_129' title='bbox 593 2537 764 2620; x_wconf 91' lang='grc' dir='ltr'><strong><em>δυνάμεως</em></strong></span> <span class='ocrx_word' id='word_1_130' title='bbox 786 2548 854 2601; x_wconf 91' lang='grc' dir='ltr'><strong><em>τῶν</em></strong></span> <span class='ocrx_word' id='word_1_131' title='bbox 872 2537 1082 2622; x_wconf 78' lang='grc' dir='ltr'><strong><em>δραστηρίων</em></strong></span> <span class='ocrx_word' id='word_1_132' title='bbox 1102 2546 1254 2621; x_wconf 82' lang='grc' dir='ltr'><strong><em>σφαιρῶν</em></strong></span> 
     </span>
     <span class='ocr_line' id='line_1_20' title="bbox 242 2644 1256 2729; baseline -0.004 -19"><span class='ocrx_word' id='word_1_133' title='bbox 242 2647 384 2729; x_wconf 92' lang='grc' dir='ltr'><strong><em>πλησίον</em></strong></span> <span class='ocrx_word' id='word_1_134' title='bbox 409 2653 470 2709; x_wconf 90' lang='grc' dir='ltr'><strong><em>τοῦ</em></strong></span> <span class='ocrx_word' id='word_1_135' title='bbox 505 2644 628 2722; x_wconf 85' lang='grc' dir='ltr'><strong><em>παντὸς</em></strong></span> <span class='ocrx_word' id='word_1_136' title='bbox 660 2644 825 2726; x_wconf 78' lang='grc' dir='ltr'><strong><em>αἰσθητοῦ</em></strong></span> <span class='ocrx_word' id='word_1_137' title='bbox 861 2645 1088 2728; x_wconf 82' lang='grc' dir='ltr'><strong><em>παρεστήσατο</em></strong></span> <span class='ocrx_word' id='word_1_138' title='bbox 1130 2644 1256 2726; x_wconf 80' lang='grc' dir='ltr'><strong><em>ἔφορον</em></strong></span> 
     </span>
     <span class='ocr_line' id='line_1_21' title="bbox 242 2747 1296 2834; baseline -0.002 -20"><span class='ocrx_word' id='word_1_139' title='bbox 242 2761 310 2816; x_wconf 88' lang='grc' dir='ltr'><strong><em>τῶν</em></strong></span> <span class='ocrx_word' id='word_1_140' title='bbox 337 2753 517 2834; x_wconf 89' lang='grc' dir='ltr'><strong><em>στοιχείων.</em></strong></span> <span class='ocrx_word' id='word_1_141' title='bbox 567 2750 651 2815; x_wconf 84' lang='grc' dir='ltr'><strong><em>ὅθεν</em></strong></span> <span class='ocrx_word' id='word_1_142' title='bbox 679 2747 734 2813; x_wconf 80' lang='grc' dir='ltr'><strong><em>καὶ</em></strong></span> <span class='ocrx_word' id='word_1_143' title='bbox 762 2748 1007 2834; x_wconf 89' lang='grc' dir='ltr'><strong><em>τετρακέφαλον</em></strong></span> <span class='ocrx_word' id='word_1_144' title='bbox 1033 2750 1094 2832; x_wconf 87' lang='grc' dir='ltr'><strong><em>τήν</em></strong></span> <span class='ocrx_word' id='word_1_145' title='bbox 1117 2747 1257 2829; x_wconf 83' lang='grc' dir='ltr'><strong><em>Ἑκάτην</em></strong></span> <span class='ocrx_word' id='word_1_146' title='bbox 1270 2773 1296 2813; x_wconf 74' lang='grc' dir='ltr'><strong><em>το</em></strong></span> 
     </span>
     <span class='ocr_line' id='line_1_22' title="bbox 243 2853 1256 2941; baseline -0.004 -19"><span class='ocrx_word' id='word_1_147' title='bbox 243 2856 442 2941; x_wconf 86' lang='grc' dir='ltr'><strong><em>δμυστικδς</em></strong></span> <span class='ocrx_word' id='word_1_148' title='bbox 465 2856 673 2941; x_wconf 90' lang='grc' dir='ltr'><strong><em>παραδίδωσι</em></strong></span> <span class='ocrx_word' id='word_1_149' title='bbox 704 2857 803 2937; x_wconf 86' lang='grc' dir='ltr'><strong><em>λόγος</em></strong></span> <span class='ocrx_word' id='word_1_150' title='bbox 836 2855 892 2918; x_wconf 91' lang='grc' dir='ltr'><strong><em>διά</em></strong></span> <span class='ocrx_word' id='word_1_151' title='bbox 922 2855 962 2919; x_wconf 88' lang='grc' dir='ltr'><strong><em>τά</em></strong></span> <span class='ocrx_word' id='word_1_152' title='bbox 993 2853 1137 2939; x_wconf 86' lang='grc' dir='ltr'><strong><em>τέσσαρα</em></strong></span> <span class='ocrx_word' id='word_1_153' title='bbox 1169 2870 1256 2919; x_wconf 91' lang='grc' dir='ltr'><strong><em>στοι-</em></strong></span> 
     </span>
     <span class='ocr_line' id='line_1_23' title="bbox 244 2957 1256 3048; baseline -0.004 -20"><span class='ocrx_word' id='word_1_154' title='bbox 244 2974 329 3048; x_wconf 79' lang='grc' dir='ltr'><strong><em>χεῖα·</em></strong></span> <span class='ocrx_word' id='word_1_155' title='bbox 356 2960 411 3027; x_wconf 82' lang='grc' dir='ltr'><strong><em>καὶ</em></strong></span> <span class='ocrx_word' id='word_1_156' title='bbox 433 2961 454 3046; x_wconf 83' lang='grc' dir='ltr'><strong><em>ή</em></strong></span> <span class='ocrx_word' id='word_1_157' title='bbox 477 2957 539 3047; x_wconf 69' lang='grc' dir='ltr'><strong><em>μὲν</em></strong></span> <span class='ocrx_word' id='word_1_158' title='bbox 565 2965 752 3047; x_wconf 89' lang='grc' dir='ltr'><strong><em>πνρίπνους</em></strong></span> <span class='ocrx_word' id='word_1_159' title='bbox 779 2969 840 3025; x_wconf 89' lang='grc' dir='ltr'><strong><em>τοῦ</em></strong></span> <span class='ocrx_word' id='word_1_160' title='bbox 866 2960 971 3025; x_wconf 80' lang='grc' dir='ltr'><strong><em>ἵππον</em></strong></span> <span class='ocrx_word' id='word_1_161' title='bbox 997 2961 1124 3045; x_wconf 85' lang='grc' dir='ltr'><strong><em>κεφαλή</em></strong></span> <span class='ocrx_word' id='word_1_162' title='bbox 1152 2961 1256 3044; x_wconf 79' lang='grc' dir='ltr'><strong><em>δῆλον</em></strong></span> 
     </span>
    </p>

    <p class='ocr_par' dir='ltr' id='par_1_9' title="bbox 245 3063 1257 3154">
     <span class='ocr_line' id='line_1_24' title="bbox 245 3063 1257 3154; baseline -0.004 -19"><span class='ocrx_word' id='word_1_163' title='bbox 245 3070 290 3148; x_wconf 80' lang='grc' dir='ltr'><strong><em>ὡς</em></strong></span> <span class='ocrx_word' id='word_1_164' title='bbox 313 3071 361 3146; x_wconf 76' lang='grc' dir='ltr'><strong><em>εἰς</em></strong></span> <span class='ocrx_word' id='word_1_165' title='bbox 382 3070 444 3153; x_wconf 84' lang='grc' dir='ltr'><strong><em>τήν</em></strong></span> <span class='ocrx_word' id='word_1_166' title='bbox 466 3077 526 3134; x_wconf 87' lang='grc' dir='ltr'><strong><em>τοῦ</em></strong></span> <span class='ocrx_word' id='word_1_167' title='bbox 549 3068 654 3154; x_wconf 84' lang='grc' dir='ltr'><strong><em>πυρὸς</em></strong></span> <span class='ocrx_word' id='word_1_168' title='bbox 677 3078 824 3153; x_wconf 79' lang='grc' dir='ltr'><strong><em>σφαῖραν</em></strong></span> <span class='ocrx_word' id='word_1_169' title='bbox 852 3064 1066 3152; x_wconf 83' lang='grc' dir='ltr'><strong><em>ἀναφέρεται,</em></strong></span> <span class='ocrx_word' id='word_1_170' title='bbox 1093 3065 1113 3150; x_wconf 79' lang='grc' dir='ltr'><strong>ἡ</strong></span> <span class='ocrx_word' id='word_1_171' title='bbox 1137 3063 1174 3132; x_wconf 76' lang='grc' dir='ltr'><strong><em>δὲ</em></strong></span> <span class='ocrx_word' id='word_1_172' title='bbox 1197 3075 1257 3132; x_wconf 88' lang='grc' dir='ltr'><strong><em>τοῦ</em></strong></span> 
     </span>
    </p>
   </div>
   <div class='ocr_carea' id='block_1_5' title="bbox 316 3241 1211 3312">
    <p class='ocr_par' dir='ltr' id='par_1_10' title="bbox 316 3241 1211 3312">
     <span class='ocr_line' id='line_1_25' title="bbox 316 3241 1211 3312; baseline -0.003 -14"><span class='ocrx_word' id='word_1_173' title='bbox 316 3263 341 3300; x_wconf 87' lang='lat' dir='ltr'><strong><em>v.</em></strong></span> <span class='ocrx_word' id='word_1_174' title='bbox 362 3249 448 3299; x_wconf 77' lang='grc'>1-13</span> <span class='ocrx_word' id='word_1_175' title='bbox 467 3242 547 3298; x_wconf 84' lang='lat' dir='ltr'>Kroll</span> <span class='ocrx_word' id='word_1_176' title='bbox 561 3260 600 3298; x_wconf 92' lang='lat' dir='ltr'><strong><em>or.</em></strong></span> <span class='ocrx_word' id='word_1_177' title='bbox 620 3241 717 3298; x_wconf 77' lang='lat' dir='ltr'><strong>chald.</strong></span> <span class='ocrx_word' id='word_1_178' title='bbox 735 3247 813 3312; x_wconf 86' lang='lat' dir='ltr'>p.10</span> <span class='ocrx_word' id='word_1_179' title='bbox 886 3248 921 3297; x_wconf 78' lang='lat'><strong><em>20</em></strong></span> <span class='ocrx_word' id='word_1_180' title='bbox 938 3241 1018 3297; x_wconf 85' lang='lat' dir='ltr'><strong>Kroll</strong></span> <span class='ocrx_word' id='word_1_181' title='bbox 1035 3241 1054 3296; x_wconf 90' lang='lat' dir='ltr'><strong><em>l.</em></strong></span> <span class='ocrx_word' id='word_1_182' title='bbox 1073 3259 1094 3296; x_wconf 83' lang='grc' dir='ltr'><strong><em>ι.</em></strong></span> <span class='ocrx_word' id='word_1_183' title='bbox 1113 3260 1141 3312; x_wconf 86' lang='lat' dir='ltr'><strong><em>p.</em></strong></span> <span class='ocrx_word' id='word_1_184' title='bbox 1156 3247 1211 3295; x_wconf 79' lang='lat'><strong><em>801</em></strong></span> 
     </span>
    </p>
   </div>
   <div class='ocr_carea' id='block_1_6' title="bbox 247 3397 1261 3682">
    <p class='ocr_par' dir='ltr' id='par_1_11' title="bbox 247 3397 1261 3682">
     <span class='ocr_line' id='line_1_26' title="bbox 318 3397 1261 3471; baseline -0.002 -15"><span class='ocrx_word' id='word_1_185' title='bbox 318 3422 342 3458; x_wconf 90' lang='lat' dir='ltr'><strong><em>v.</em></strong></span> <span class='ocrx_word' id='word_1_186' title='bbox 363 3410 378 3456; x_wconf 81' lang='lat'><strong>2</strong></span> <span class='ocrx_word' id='word_1_187' title='bbox 402 3401 540 3458; x_wconf 80' lang='grc' dir='ltr'><strong><em>ἐνιαυτὸν.</em></strong></span> <span class='ocrx_word' id='word_1_188' title='bbox 578 3398 702 3471; x_wconf 80' lang='grc' dir='ltr'><strong><em>βίσεξτον</em></strong></span> <span class='ocrx_word' id='word_1_189' title='bbox 730 3401 774 3462; x_wconf 79' lang='grc' dir='ltr'><strong><em>δίς</em></strong></span> <span class='ocrx_word' id='word_1_190' title='bbox 796 3399 850 3467; x_wconf 91' lang='grc' dir='ltr'><strong><em>πρδ</em></strong></span> <span class='ocrx_word' id='word_1_191' title='bbox 874 3399 902 3464; x_wconf 76' lang='grc' dir='ltr'><strong><em>ἓξ</em></strong></span> <span class='ocrx_word' id='word_1_192' title='bbox 925 3403 980 3453; x_wconf 86' lang='grc' dir='ltr'><strong><em>κτλ.</em></strong></span> <span class='ocrx_word' id='word_1_193' title='bbox 1001 3400 1043 3467; x_wconf 86' lang='grc' dir='ltr'><strong><em>Χ,</em></strong></span> <span class='ocrx_word' id='word_1_194' title='bbox 1072 3397 1114 3454; x_wconf 77' lang='grc' dir='ltr'><strong><em>ὅτι</em></strong></span> <span class='ocrx_word' id='word_1_195' title='bbox 1137 3398 1261 3471; x_wconf 76' lang='grc' dir='ltr'><strong><em>βίσεξτον</em></strong></span> 
     </span>
     <span class='ocr_line' id='line_1_27' title="bbox 247 3467 1261 3540; baseline -0.003 -13"><span class='ocrx_word' id='word_1_196' title='bbox 247 3477 302 3527; x_wconf 88' lang='grc' dir='ltr'><strong><em>κτλ.</em></strong></span> <span class='ocrx_word' id='word_1_197' title='bbox 326 3474 356 3527; x_wconf 86' lang='lat' dir='ltr'><strong><em>Y</em></strong></span> <span class='ocrx_word' id='word_1_198' title='bbox 423 3478 440 3526; x_wconf 98' lang='grc'>4</span> <span class='ocrx_word' id='word_1_199' title='bbox 459 3472 592 3539; x_wconf 78' lang='grc' dir='ltr'><strong><em>ἀριθμεῖν</em></strong></span> <span class='ocrx_word' id='word_1_200' title='bbox 611 3472 778 3540; x_wconf 84' lang='grc' dir='ltr'><strong><em>(ἀριθμῆσαι</em></strong></span> <span class='ocrx_word' id='word_1_201' title='bbox 797 3472 835 3538; x_wconf 91' lang='grc' dir='ltr'><strong><em>Β)</em></strong></span> <span class='ocrx_word' id='word_1_202' title='bbox 854 3472 899 3523; x_wconf 78' lang='grc' dir='ltr'><strong><em>δεῖ</em></strong></span> <span class='ocrx_word' id='word_1_203' title='bbox 915 3469 993 3534; x_wconf 88' lang='grc' dir='ltr'><strong><em>παρά</em></strong></span> <span class='ocrx_word' id='word_1_204' title='bbox 1010 3467 1179 3535; x_wconf 85' lang='grc' dir='ltr'><strong><em>τετραετίαν.</em></strong></span> <span class='ocrx_word' id='word_1_205' title='bbox 1211 3476 1261 3524; x_wconf 79' lang='grc' dir='ltr'><strong><em>τοῦ</em></strong></span> 
     </span>
     <span class='ocr_line' id='line_1_28' title="bbox 247 3536 1261 3660; baseline -0.005 -64"><span class='ocrx_word' id='word_1_206' title='bbox 247 3541 300 3613; x_wconf 89' lang='grc' dir='ltr'><strong><em>γάρ</em></strong></span> <span class='ocrx_word' id='word_1_207' title='bbox 316 3543 497 3613; x_wconf 83' lang='grc' dir='ltr'><strong><em>μεταβολικοῦ</em></strong></span> <span class='ocrx_word' id='word_1_208' title='bbox 516 3541 550 3609; x_wconf 87' lang='lat' dir='ltr'><strong><em>(v.</em></strong></span> <span class='ocrx_word' id='word_1_209' title='bbox 568 3542 611 3607; x_wconf 88' lang='grc'><strong><em>14)</em></strong></span> <span class='ocrx_word' id='word_1_210' title='bbox 626 3541 657 3593; x_wconf 89' lang='lat' dir='ltr'>X</span> <span class='ocrx_word' id='word_1_211' title='bbox 727 3539 806 3593; x_wconf 79' lang='grc' dir='ltr'><strong><em>δκαλ</em></strong></span> <span class='ocrx_word' id='word_1_212' title='bbox 825 3538 867 3660; x_wconf 63' lang='grc' dir='ltr'><strong><em>ἐνχ</em></strong></span> <span class='ocrx_word' id='word_1_213' title='bbox 887 3536 941 3594; x_wconf 83' lang='grc' dir='ltr'><strong><em>κάν</em></strong></span> <span class='ocrx_word' id='word_1_214' title='bbox 960 3539 989 3592; x_wconf 82' lang='lat' dir='ltr'><strong><em>Y</em></strong></span> <span class='ocrx_word' id='word_1_215' title='bbox 1059 3544 1147 3592; x_wconf 81' lang='grc' dir='ltr'><strong><em>Ὶτῶν</em></strong></span> <span class='ocrx_word' id='word_1_216' title='bbox 1164 3556 1229 3608; x_wconf 90' lang='grc' dir='ltr'><strong><em>γενν</em></strong></span> <span class='ocrx_word' id='word_1_217' title='bbox 1249 3568 1261 3578; x_wconf 92' lang='grc'><strong>-</strong></span> 
     </span>
     <span class='ocr_line' id='line_1_29' title="bbox 248 3605 1214 3682; baseline -0.008 -14"><span class='ocrx_word' id='word_1_218' title='bbox 248 3622 302 3668; x_wconf 90' lang='grc' dir='ltr'><strong><em>τῶν</em></strong></span> <span class='ocrx_word' id='word_1_219' title='bbox 326 3613 359 3680; x_wconf 84' lang='grc' dir='ltr'><strong><em>Υ,</em></strong></span> <span class='ocrx_word' id='word_1_220' title='bbox 382 3617 420 3665; x_wconf 86' lang='grc' dir='ltr'><strong><em>τῶ</em></strong></span> <span class='ocrx_word' id='word_1_221' title='bbox 439 3615 561 3682; x_wconf 82' lang='grc' dir='ltr'><strong><em>γεννητῷ</em></strong></span> <span class='ocrx_word' id='word_1_222' title='bbox 580 3610 658 3664; x_wconf 86' lang='lat' dir='ltr'>Kroll</span> <span class='ocrx_word' id='word_1_223' title='bbox 678 3626 716 3663; x_wconf 91' lang='lat' dir='ltr'><strong><em>or.</em></strong></span> <span class='ocrx_word' id='word_1_224' title='bbox 736 3609 834 3663; x_wconf 72' lang='lat' dir='ltr'>chald.</span> <span class='ocrx_word' id='word_1_225' title='bbox 867 3626 909 3662; x_wconf 84' lang='grc' dir='ltr'><strong><em>,ε.</em></strong></span> <span class='ocrx_word' id='word_1_226' title='bbox 997 3615 1028 3661; x_wconf 91' lang='grc'><strong><em>11</em></strong></span> <span class='ocrx_word' id='word_1_227' title='bbox 1049 3605 1147 3662; x_wconf 89' lang='grc' dir='ltr'><strong><em>κόλποι</em></strong></span> <span class='ocrx_word' id='word_1_228' title='bbox 1166 3609 1214 3662; x_wconf 79' lang='grc' dir='ltr'><strong><em>καὶ</em></strong></span> 
     </span>
    </p>
   </div>
   <div class='ocr_carea' id='block_1_7' title="bbox 248 3666 1264 3895">
    <p class='ocr_par' dir='ltr' id='par_1_12' title="bbox 248 3666 1264 3895">
     <span class='ocr_line' id='line_1_30' title="bbox 248 3666 1262 3761; baseline -0.006 -23"><span class='ocrx_word' id='word_1_229' title='bbox 248 3702 277 3738; x_wconf 88' lang='grc' dir='ltr'><strong><em>τε</em></strong></span> <span class='ocrx_word' id='word_1_230' title='bbox 296 3683 359 3738; x_wconf 82' lang='grc' dir='ltr'><strong><em>εδδ.</em></strong></span> <span class='ocrx_word' id='word_1_231' title='bbox 375 3666 428 3738; x_wconf 71' lang='grc' dir='ltr'><strong><em>Βύλ</em></strong></span> <span class='ocrx_word' id='word_1_232' title='bbox 496 3688 529 3735; x_wconf 83' lang='lat'><strong><em>18</em></strong></span> <span class='ocrx_word' id='word_1_233' title='bbox 548 3680 671 3752; x_wconf 79' lang='grc' dir='ltr'><strong><em>ἀβύσσου</em></strong></span> <span class='ocrx_word' id='word_1_234' title='bbox 689 3679 836 3761; x_wconf 72' lang='lat' dir='ltr'><strong>proposuit</strong></span> <span class='ocrx_word' id='word_1_235' title='bbox 852 3678 930 3734; x_wconf 86' lang='lat' dir='ltr'>Kroll</span> <span class='ocrx_word' id='word_1_236' title='bbox 1000 3685 1033 3733; x_wconf 87' lang='grc'><strong><em>14</em></strong></span> <span class='ocrx_word' id='word_1_237' title='bbox 1052 3676 1095 3733; x_wconf 87' lang='grc' dir='ltr'><strong><em>ὅτι</em></strong></span> <span class='ocrx_word' id='word_1_238' title='bbox 1114 3687 1164 3733; x_wconf 79' lang='grc' dir='ltr'><strong><em>τοῦ</em></strong></span> <span class='ocrx_word' id='word_1_239' title='bbox 1182 3696 1262 3747; x_wconf 89' lang='grc' dir='ltr'><strong><em>μετα-</em></strong></span> 
     </span>
     <span class='ocr_line' id='line_1_31' title="bbox 249 3745 1264 3827; baseline -0.005 -18"><span class='ocrx_word' id='word_1_240' title='bbox 249 3756 361 3827; x_wconf 87' lang='grc' dir='ltr'><strong><em>βολικοῦ</em></strong></span> <span class='ocrx_word' id='word_1_241' title='bbox 381 3755 435 3808; x_wconf 87' lang='grc' dir='ltr'><strong><em>κτλ.</em></strong></span> <span class='ocrx_word' id='word_1_242' title='bbox 451 3753 474 3807; x_wconf 78' lang='lat' dir='ltr'><em>S</em></span> <span class='ocrx_word' id='word_1_243' title='bbox 544 3758 576 3805; x_wconf 81' lang='lat'><strong><em>15</em></strong></span> <span class='ocrx_word' id='word_1_244' title='bbox 596 3745 631 3820; x_wconf 80' lang='grc' dir='ltr'><strong><em>ἦν</em></strong></span> <span class='ocrx_word' id='word_1_245' title='bbox 650 3751 766 3807; x_wconf 74' lang='lat' dir='ltr'><strong>omls.S</strong></span> <span class='ocrx_word' id='word_1_246' title='bbox 837 3755 869 3804; x_wconf 85' lang='grc'><strong><em>17</em></strong></span> <span class='ocrx_word' id='word_1_247' title='bbox 889 3748 987 3819; x_wconf 87' lang='grc' dir='ltr'><strong><em>διόπερ</em></strong></span> <span class='ocrx_word' id='word_1_248' title='bbox 1004 3748 1196 3819; x_wconf 83' lang='grc' dir='ltr'><strong><em>ἁρμοσάμενος</em></strong></span> <span class='ocrx_word' id='word_1_249' title='bbox 1209 3748 1264 3804; x_wconf 80' lang='lat' dir='ltr'><strong><em>BS</em></strong></span> 
     </span>
     <span class='ocr_line' id='line_1_32' title="bbox 251 3820 787 3895; baseline -0.009 -15"><span class='ocrx_word' id='word_1_250' title='bbox 251 3831 285 3880; x_wconf 84' lang='grc'><strong><em>19</em></strong></span> <span class='ocrx_word' id='word_1_251' title='bbox 304 3825 408 3895; x_wconf 73' lang='grc' dir='ltr'><strong><em>ἔφορον</em></strong></span> <span class='ocrx_word' id='word_1_252' title='bbox 426 3834 481 3880; x_wconf 89' lang='grc' dir='ltr'><strong><em>τῶν</em></strong></span> <span class='ocrx_word' id='word_1_253' title='bbox 500 3820 641 3894; x_wconf 76' lang='grc' dir='ltr'><strong><em>στοιχείων</em></strong></span> <span class='ocrx_word' id='word_1_254' title='bbox 660 3821 739 3877; x_wconf 85' lang='lat' dir='ltr'><strong>omis.</strong></span> <span class='ocrx_word' id='word_1_255' title='bbox 758 3822 787 3876; x_wconf 82' lang='lat' dir='ltr'><em>Y</em></span> 
     </span>
    </p>
   </div>
   <div class='ocr_carea' id='block_1_8' title="bbox 0 0 1567 4598">
    <p class='ocr_par' dir='ltr' id='par_1_13' title="bbox 0 0 1567 4598">
     <span class='ocr_line' id='line_1_33' title="bbox 0 0 1567 4598; baseline 0 0"><span class='ocrx_word' id='word_1_256' title='bbox 0 0 1567 4598; x_wconf 95' lang='lat' dir='ltr'><strong><em> </em></strong></span> 
     </span>
    </p>
   </div>
  </div>
 </body>
</html>
