3074 4598
344 401 388 516 3ο
726 449 835 505 ποτε
851 449 974 507 ποτε

217 683 221 690 ,
267 623 326 679 ΧΗ
344 614 492 682 σύνοδον
505 617 613 702 ψύχει.
642 615 745 680 ἔνθεν
767 610 858 702 οἶμαι
880 619 959 696 τούς
980 613 1057 702 περὶ
1079 619 1243 702 γεωργίαν
1261 613 1356 699 έσχο-

327 724 483 800 ’λακότας
506 721 663 808 ἀσφαλῶς
692 727 838 810 σπείρειν
860 720 923 810 μέν
944 723 999 790 καλ
1022 723 1180 809 φυτεύειν
1201 721 1277 809 περὶ
1297 739 1357 789 σν·

343 832 466 908 νόδους
482 829 504 914 ἢ
521 831 761 916 πανσελήνους,
780 823 834 898 οἷα
856 833 899 916 δη
921 832 959 898 έν
981 828 1150 920 ύγροτέρμ
1173 840 1355 915 τηνικαῦτα

342 946 389 1027 τῷ
412 936 486 1021 ιἰέρι
512 934 568 1002 καὶ
590 935 673 1023 πρὸς
695 935 827 1019 γένεσιν
849 939 961 1005 ἄλλων
982 935 1195 1024 κεκινημένῳ·
1218 934 1296 1022 περὶ
1314 933 1352 1003 δὲ

316 1046 400 1121 ετδις
423 1045 620 1128 διχοτόμους
642 1042 729 1128 ὕλην
750 1069 799 1130 τε,
818 1045 878 1128 ὅση
903 1043 1093 1130 έργάσιμος,
1115 1046 1274 1110 κόπτουσι
1296 1042 1353 1108 καὶ

220 1161 224 1167 “
342 1153 420 1227 τοὺς
437 1152 521 1235 πρὸς
539 1149 704 1218 ἀπόθεσιν
726 1153 873 1239 καρπούς
896 1153 1159 1235 συγκομίζουσιν,
1178 1142 1232 1216 οἷα
1254 1151 1297 1234 δὴ
1316 1149 1354 1216 έν

300 1267 327 1323 X
341 1254 501 1345 ξηροτέρᾳ
526 1269 566 1346 τῇ
591 1259 669 1346 ὥρην,
709 1257 894 1323 καὶταῦτα
920 1252 982 1341 μὲν
1008 1253 1061 1322 ἐπὶ
1088 1267 1155 1322 τῶν
1180 1259 1354 1342 αἰσθητῶν
1467 1332 1469 1336 ,

269 1375 327 1430 XY
340 1361 395 1429 καὶ
418 1376 558 1449 νοητῶν.
602 1363 678 1452 περὶ
706 1361 744 1430 δέ
770 1373 830 1430 τοῦ
852 1361 922 1429 κατ’
954 1361 1101 1450 ἀριθμὸν
1127 1361 1350 1448 άξιάματοςὸ

340 1470 493 1559 τέταρτος
520 1471 665 1559 ἀριθμὸς
686 1472 891 1555 τετράγωνός
914 1469 991 1536 ἐστι.
1030 1469 1132 1554 μόνος
1157 1469 1221 1554 γδιρ
1244 1470 1354 1546 ἰσάκις

300 1603 327 1643 ιο
342 1572 413 1656 ἶσος
437 1580 590 1664 ίσομερὴς
613 1578 649 1642 έκ
671 1587 739 1641 τῶν
761 1576 871 1640 αὐτῶν
888 1574 944 1640 καὶ
961 1573 1118 1641 συνθέσει
1136 1571 1191 1639 καὶ
1208 1574 1350 1658 δυνάμει

300 1683 467 1769 Χπέφνκε
493 1689 693 1766 γεννᾶσθαι,
726 1682 889 1746 σύνθεσιν
914 1677 977 1765 μὲν
1007 1676 1070 1746 οὖν
1102 1679 1138 1746 έκ
1168 1679 1263 1745 δυεῖν
1293 1678 1349 1745 καὶ

341 1790 451 1873 δυεῖν,
479 1789 624 1873 δύναμιν
647 1782 685 1852 δέ
707 1784 744 1851 ἐκ
765 1795 825 1852 τοῦ
848 1783 902 1864 δὶς
923 1786 1000 1870 δύο,
1022 1788 1192 1870 πάγκαλόν
1212 1810 1245 1853 τι
1268 1800 1351 1872 συμ-

267 1900 325 1954 XY
340 1895 467 1978 φανίας
499 1889 588 1970 εἶδος
621 1892 904 1978 ἐπιδεικνύμενος,
941 1893 959 1960 δ
991 1892 1109 1978 μηδενὶ
1140 1905 1206 1960 τῶν
1237 1895 1350 1960 ἀλλων

339 2000 495 2086 ἀριθμῶν
518 1997 734 2084 συμβέβηκεν,
753 2000 835 2067 ὅθεν
852 1998 908 2066 καὶ
926 1999 1219 2087 ἀποτελεσματικδς
1240 2005 1349 2067 καλεῖ-

299 2138 324 2178 15
339 2126 405 2173 ται·
434 2108 464 2172 ελ
485 2107 549 2190 γάρ
578 2105 642 2172 άπὸ
668 2108 814 2192 μονάδος
839 2106 936 2193 μέχρι
957 2108 1113 2194 τετράδος
1139 2106 1211 2192 ἔξῆς
1233 2125 1348 2174 σνντε·

338 2220 433 2280 θεῖεν
455 2210 606 2297 ἀριθμοί,
629 2214 752 2278 δεκάδα
774 2213 1001 2281 ἀποτελοῦσιν.

244 2333 324 2389 XYS
386 2320 436 2385 10.
456 2320 524 2402 Τὴν
538 2315 576 2384 δὲ
587 2317 738 2404 πέμπτην
756 2318 935 2405 Φαέθοντι,
952 2328 999 2409 τῷ
1016 2320 1151 2385 πάντων
1168 2323 1399 2404 πλανή-ῶεΠμ

338 2450 406 2492 των
433 2425 659 2514 εύκρατοτάτρε
691 2423 865 2492 ἀνέθεντο·
897 2430 966 2492 Δία
997 2423 1033 2492 δὲ
1065 2418 1169 2493 αὐτὸν
1187 2424 1346 2511 Ἕλληνες

338 2534 505 2616 ζωογόνον
527 2536 757 2614 θεολογοῦσιν.
803 2532 886 2598 ὅθεν
907 2532 962 2598 καὶ
989 2533 1026 2599 έν
1047 2535 1163 2620 Κρήτη
1187 2540 1345 2618 τεχθῆναι

298 2661 324 2700 ιο
337 2646 489 2723 μυθικῶς
512 2635 616 2703 αὐτὸν
637 2637 826 2722 βούλονται,
850 2636 887 2703 ἐν
905 2630 927 2725 ᾖ
943 2641 1132 2724 θανάσιμον
1151 2636 1250 2705 οὐδὲν
1263 2641 1345 2725 φύε-

337 2768 405 2828 ται,
433 2740 504 2808 ἀλλ’
534 2739 613 2808 οὐδὲ
640 2743 740 2819 λύκος
765 2742 786 2827 ἣ
809 2743 912 2826 γλαὺξ
940 2746 1139 2831 εὑρίσκεται,
1170 2747 1214 2822 ὥς
1241 2765 1346 2830 φησιν

265 2849 530 2933 ΧΥἈντίγονος.
551 2845 621 2912 ’καὶ
636 2847 793 2942 οὐράνιος
815 2844 853 2913 δὲ
870 2856 1016 2916 καλεῖται
1033 2852 1115 2917 κατδι
1133 2852 1194 2934 τὴν
1212 2850 1249 2916 ἐν
1266 2875 1344 2918 πεν-
1401 2888 1404 2894 -

405 3007 431 3045 v.
451 2993 484 3042 22
503 2986 601 3058 Antig.
619 2985 718 3042 mirab.
737 3005 760 3043 e.
780 2992 825 3042 10:
850 2988 883 3042 ού
902 2986 1008 3058 γίνεται
1025 2997 1106 3043 τοῦτο
1124 2990 1156 3045 τδ
1174 2991 1256 3059 ζῶον,
1274 2991 1344 3045 ἀλλὰ

336 3057 390 3116 κάν
403 3061 523 3129 εἰσαχθῇ
536 3062 656 3133 τελευτᾷ,
675 3057 805 3126 καθάπερ
820 3057 850 3112 αἱ
864 3062 980 3128 γλαῦκες
993 3060 1023 3115 ἐν
1037 3059 1140 3134 Κρήτη,
1158 3061 1189 3116 έν
1203 3053 1221 3133 ἧ
1234 3059 1345 3132 λέγουσι

336 3130 402 3186 οὐδὲ
421 3133 491 3197 ζῶον
509 3127 670 3198 θανάσιμον
688 3128 772 3184 οὐδέν
788 3128 839 3199 τὴν
858 3130 951 3200 χώραν
965 3129 1068 3200 φέρειν.

406 3273 430 3308 v.
451 3260 464 3309 1
490 3253 647 3310 ἔνθεν-8
666 3253 820 3323 ἀξιώματος
843 3253 945 3309 desunt
966 3256 995 3310 Y
1063 3254 1210 3327 Ιέχοντας
1232 3258 1274 3326 Χ,
1299 3257 1342 3313 ἐσ-

335 3323 567 3464 Ξὲίῖἔίῗλίῖν
610 3323 1141 3467 ἵῖδρλῗλλεῗῖῗῖιῗεεείύέωρῖῗς
1158 3327 1342 3467 ῗλίάίῖύῖ

335 3469 469 3522 σύνθεσιν
483 3498 517 3508 -
534 3473 567 3521 18
581 3466 806 3534 ἐπιδεικνύμενος
828 3465 930 3521 desunt
957 3469 985 3522 Y
1006 3469 1010 3539 Ι
1034 3469 1116 3524 δυοῖν
1139 3420 1186 3523 {az
1209 3471 1287 3525 δυεῖν
1310 3471 1344 3525 X

336 3543 369 3592 14
394 3538 526 3606 ἀριθμῶν
552 3537 631 3592 omis.
655 3537 684 3592 Υ
751 3543 784 3590 16
802 3535 867 3606 ἀχρι
889 3536 935 3609 Y}
951 3538 1013 3608 ἑξῆς
1030 3537 1108 3594 omis.
1131 3539 1165 3607 Υ,
1188 3538 1216 3605 ἐξ
1233 3535 1267 3607 ἧς
1284 3541 1313 3595 Β
1334 3543 1338 3613 λ

335 3612 496 3663 σνντεθεῖεν
515 3608 593 3662 omis.
608 3608 639 3662 D
724 3613 757 3661 16
776 3607 894 3676 ἀριθμοὶ
921 3608 998 3663 omis.
1021 3608 1051 3663 Υ
1076 3612 1081 3680 Ι
1111 3610 1126 3665 ὁ
1149 3607 1217 3664 δέκα
1240 3610 1340 3667 ἀποτε·

334 3680 421 3732 λεῖται
444 3678 473 3731 Υ
560 3683 593 3733 17
618 3674 660 3732 ὅτι
682 3676 735 3746 τὴν
751 3676 879 3746 πέμπτην
892 3710 926 3719 -
941 3685 974 3733 22
988 3676 1174 3750 ἀντίγονοςὸ
1242 3688 1275 3737 18
1295 3685 1340 3738 εύ-

334 3747 545 3875 ῖῖῗῖίλῖδ
554 3747 632 3872 Ρήὲῖ
642 3746 1199 3889 ῖῖιλὲλίύά“ἓὲ”ἕίῖέλύῖλλῖ
1207 3753 1265 3878 ²31⁰
1267 3754 1297 3808 D
1302 3755 1340 3823 E’
