3074 4598
440 518 670 575 FRAGMENTA
686 519 870 576 meam
889 520 989 576 SEDIS
1158 525 1221 590 179

207 687 428 770 Κλεοπάτραν
447 685 553 750 Γάίον
570 684 763 767 Κορνήλιον
781 685 913 751 Γάλλον
932 691 989 768 τῆς
1006 684 1043 748 τὸ
1061 682 1143 770 πρὶν
1160 683 1256 771 μένε

201 791 333 877 Ἀερίας
365 786 435 857 εἶτα
462 791 635 872 Ποταμίοις
669 797 735 854 νῦν
766 786 803 856 δὲ
836 788 1014 876 λεγομένης
1045 792 1222 873 Αἰγύπτου

207 898 422 983 προέστησεν,
444 894 702 976 Αύγουστάλιον
729 895 833 962 αὐτὸν
855 896 892 964 ἐκ
913 906 974 962 τοῦ
999 897 1123 962 οἰκείου
1146 897 1221 965 ὀνό-

209 1028 312 1090 ματος
334 1007 510 1069 καλεῖσθαι
537 1002 714 1084 θεσπίσας,
742 1001 843 1087 ταύτη
870 1001 926 1067 καὶ
949 1002 1222 1085 Αύγουσταλίους

208 1112 287 1187 τοὺς
309 1110 483 1192 ὑποφήτας
505 1117 573 1172 τῶν
594 1107 754 1192 ὑπάρχων
776 1113 950 1175 καλεῖσθαι
968 1110 1077 1194 νόμος.
1114 1109 1165 1175 ὅτι
1183 1109 1221 1176 ἐν
1248 1139 1261 1180 5

208 1226 280 1292 ταῖς
302 1215 386 1280 κατὰ
407 1216 442 1281 τὸ
461 1215 635 1280 Παλάτιον
652 1213 785 1292 τάξεσιν
801 1207 886 1296 ἦσαν
903 1212 959 1279 καὶ
972 1217 1220 1302 Αίγουστάλιοι,

207 1320 267 1398 οὓς
286 1319 445 1406 Ἕλληνες
472 1321 742 1406 σεβαστοφόρους
768 1324 922 1405 καλοῦσι,
950 1322 1008 1399 τὰς
1036 1335 1104 1389 τῶν
1130 1331 1220 1390 θεῶν

206 1431 315 1514 θήκας
338 1427 393 1494 καὶ
416 1432 494 1507 τοὺς
517 1441 584 1495 τῶν
602 1426 767 1512 βασιλέων
785 1426 909 1503 τύπους
927 1429 1147 1512 φυλάττοντες
1165 1430 1220 1498 καί

206 1536 268 1620 τήν
291 1539 461 1621 τήβεννον.
1200 1554 1202 1557 ’

153 1652 278 1710 deesth
300 1644 323 1708 4
347 1651 429 1720 (166).
450 1641 521 1708 Ὅτι
544 1641 732 1727 Εὐριπίδης
755 1640 792 1707 ἐν
810 1639 926 1728 Ἑλένη
947 1639 1021 1727 περὶ
1044 1646 1220 1728 Σειρήνων
1233 1673 1260 1712 ιο

206 1752 295 1833 λέγει
319 1749 437 1826 οὕτως’

495 1839 700 1923 πτεροφόροι
723 1839 873 1915 νεάνιδες

495 1942 660 2029 παρθένοι
683 1944 817 2020 Χθονὸς
838 1945 935 2028 κόραι

495 2053 667 2160 Σειρῆνες,

204 2175 222 2241 ὁ
247 2174 277 2240 δ’
297 2173 525 2263 Ἀριστοτέλης
549 2174 586 2240 έν
612 2173 725 2263 πέπλφ
753 2174 974 2259 ὀνομάζεσθαι
999 2174 1101 2253 αὐτὰς
1128 2176 1216 2260 λέγει
1231 2203 1257 2244 ιε

207 2282 424 2363 Θελξιέπειαν
437 2281 674 2367 Ἀγλαοφήμην
697 2284 881 2365 Πασινόην.

151 2398 274 2455 deesth
297 2389 319 2454 5
344 2399 425 2467 (167).
449 2388 521 2455 Ὅτι
540 2388 696 2472 Ῥωμαῖος
718 2387 737 2453 δ
763 2389 889 2472 Φάβιος
911 2390 1046 2472 καιρίας
1075 2388 1217 2474 τρωθεὶς

204 2494 259 2561 έπὶ
290 2506 352 2562 τοῦ
381 2496 514 2581 πρώτου
542 2500 738 2561 Φοινικικοῦ
768 2494 914 2579 πολέμου
940 2492 1007 2579 μετ’
1034 2494 1136 2581 ὀργῆς
1163 2494 1217 2562 ε’πὶ

203 2602 263 2667 τὸν
281 2601 440 2685 Ἀννίβαν
462 2599 611 2685 ἐνεχθεὶς
637 2599 692 2666 καὶ
716 2599 864 2685 ἁρπάσας
886 2601 990 2666 αὐτοῦ
1012 2601 1048 2666 τὸ
1073 2602 1217 2687 διάδημα

203 2707 413 2775 ἐναπέθανεν
438 2707 537 2797 αὐτῷ.
584 2705 621 2774 ἐν
647 2715 693 2796 τῷ
716 2711 871 2796 Περσικῷ
898 2708 938 2774 δέ
962 2725 1066 2792 φησιν
1093 2707 1216 2794 δἈρι-
1229 2739 1257 2777 ιο
1299 2762 1308 2799 <¹

204 2818 346 2901 στείδης,
371 2816 421 2881 ότι
439 2817 611 2900 Λεωνίδης
633 2815 651 2880 ό
671 2817 853 2901 στρατηγὸς
869 2816 1075 2900 θεασάμενος
1093 2817 1130 2881 τὸ
1149 2827 1217 2882 τῶν

202 2927 349 3008 Περσῶν
370 2928 499 3006 πλῆθος
522 2921 560 2987 έν
579 2921 810 3008 Θερμοπύλαις
827 2920 973 3004 ἐπῆλθεν
992 2921 1027 2988 ἐκ
1045 2931 1106 2988 τοῦ
1125 2922 1217 2989 έναν-

202 3033 278 3095 τίου
306 3039 378 3106 τοίς
402 3031 574 3113 πολεμιόις
599 3027 654 3093 καὶ
683 3028 831 3114 ἀπείροις
847 3026 1049 3115 Ιπεριπαρεὶς
1076 3031 1216 3114 δόρασιν

202 3134 257 3202 ἐπὶ
276 3134 404 3221 Ξέρξην
422 3134 547 3218 ἐπῆλθε
564 3133 619 3200 καὶ
637 3136 870 3221 περιελόμενος
892 3135 1051 3201 αὐτοῦτὸ
1070 3136 1216 3220 διάδημα

203 3239 411 3319 ἐξέπνευσεν
443 3241 614 3326 άνατεμὼν
647 3237 684 3306 δὲ
712 3241 814 3334 αὐτὸν
841 3241 859 3306 ό
889 3240 1019 3326 Πέρσης
1049 3238 1124 3327 εὗρε
1153 3243 1214 3325 τήν
1228 3269 1255 3310 ιε

201 3350 346 3433 καρδίαν
369 3348 471 3414 αὐτοῦ
499 3346 536 3414 έκ
562 3355 620 3430 τῆς
647 3345 797 3432 ἐμφύτου
818 3345 946 3432 θέρμης
967 3345 1214 3433 τετριχωμένην.

150 3465 273 3520 deesth
297 3454 318 3519 6
343 3463 424 3530 (168).
438 3453 510 3519 “On
524 3453 542 3520 δ
556 3457 696 3540 Νουμᾶς
710 3452 789 3520 δέκα
806 3453 997 3540 παρθένους
1013 3453 1156 3538 ἀνέθηκε
1174 3465 1213 3541 τῇ

252 3610 441 3675 „v.10Eur.
464 3609 527 3665 Hel.
554 3615 678 3680 msqq.
788 3616 821 3665 τε
849 3609 883 3664 α.
911 3611 989 3665 Ειιει
1015 3593 1050 3664 IL
1077 3616 1158 3679 ιτοο,
1178 3616 1212 3665 ιε

201 3690 216 3751 5
236 3688 288 3737 167
307 3681 475 3737 Plutarchus
488 3683 655 3806 gemmatus
670 3684 721 3751 est,
739 3681 842 3737 ParalL
856 3681 923 3736 min
937 3701 964 3752 p.
979 3681 1063 3736 3er
1082 3683 1112 3736 et
1124 3681 1158 3751 D,
1178 3681 1212 3736 cf.

200 3753 342 3810 Aristides
360 3752 412 3824 frg.
428 3760 470 3823 21,
515 3751 572 3808 HG
589 3752 629 3807 IV
645 3771 672 3824 p.
688 3758 742 3808 324

273 3903 289 3965 ς
309 3901 361 3952 168
378 3895 469 3967 pn'mo
487 3894 607 3951 ἰοτδεεεε
625 3895 699 3951 libro
717 3897 761 3950 est
778 3893 929 3950 tribuenda

999 3985 1053 4038 12·
