3074 4598
304 456 346 521 16
679 433 940 516 LIBERPRIMUS

258 623 460 709 Χθορύβοις
477 623 540 709 τὴν
548 621 693 689 Ἰταλίαν
711 623 857 710 μεγάλην
866 624 1008 692 Ἑλλάδα
1025 621 1216 712 ᾠκονόμησε
1232 628 1314 708 κλη-

299 736 404 815 θῆναι
435 731 561 807 πάντας
592 750 628 794 τε
658 730 738 807 τοὺς
767 733 921 810 κλεινοὺς
951 743 1018 798 τῶν
1049 733 1245 817 φιλοσόφων
1277 729 1311 810 ἐξ

298 835 399 921 αύτης
425 841 622 922 προελθεῖν,
646 832 867 921 Ἐμπεδοκλέα
894 838 978 921 λέγω
1004 838 1065 903 τὸν
1087 839 1232 923 φυσικὸν
1254 835 1311 904 καὶ

298 945 422 1021 ἄλλους
443 944 591 1020 πολλοὺς
612 944 678 1030 πρὸ
697 941 952 1031 Ἀριστοτέλους.

244 1059 297 1115 XS
365 1049 417 1117 35.
431 1047 504 1115 Ὅτι
523 1047 577 1115 ἐπὶ
594 1059 656 1117 τοῦ
675 1054 797 1136 Νουμᾶ
813 1049 869 1116 καὶ
886 1052 951 1137 πρὸ
965 1052 1086 1118 τούτου
1100 1053 1132 1118 οἱ
1149 1053 1371 1129 πάλαιΕεῌΙ

273 1159 400 1244 ελερελς
421 1162 558 1242 χαλκαῖς
579 1161 729 1242 ψαλίσιν,
753 1155 823 1224 ἀλλ’
847 1156 888 1222 οὐ
911 1158 1062 1244 σιδηραῖς
1084 1158 1310 1246 ἀπεκείροντο·

180 1275 184 1284 ’
299 1263 317 1330 ὁ
341 1265 404 1350 γὰρ
429 1267 566 1353 σίδηρος
587 1266 670 1332 κατὰ
697 1266 776 1343 τοὺς
798 1267 1056 1349 Πυθαγορείους
1080 1276 1119 1351 τῇ
1141 1265 1205 1353 ύλη
1229 1265 1310 1331 άνά-

298 1392 418 1438 κειται·
446 1372 547 1459 μέλας
568 1375 632 1460 γὰρ
655 1370 712 1438 καὶ
734 1371 833 1449 αὐτὸς
854 1367 910 1437 καὶ
933 1371 988 1436 διὰ
1010 1380 1108 1436 τοῦτο
1130 1371 1229 1456 ἐγγὺς
1250 1372 1310 1439 άν-

298 1478 413 1564 είδεος,
436 1480 646 1564 πολύκμητός
668 1502 703 1544 τε
725 1476 781 1544 καὶ
802 1478 1029 1563 πολύχρηστος
1052 1475 1123 1542 ἀλλ’
1146 1477 1207 1543 οὐκ
1225 1478 1309 1544 άπα-

256 1609 284 1650 10
297 1587 363 1670 θης
385 1585 485 1652 ἐστιν.

255 1699 273 1754 S
359 1691 410 1756 36.
421 1690 491 1757 Ὅτι
505 1691 586 1775 μετδι
604 1691 664 1755 τὸν
678 1689 876 1772 Αὔγουστον
890 1687 927 1754 ἕν
944 1697 1015 1765 ταῖς
1032 1696 1093 1754 τοῦ
1112 1691 1225 1754 Παλα-
1238 1699 1368 1756 deesth

295 1799 370 1861 τίου
398 1796 530 1876 τάξεσιν
558 1795 731 1882 ηὑρίσκετο
761 1794 816 1861 καὶ
843 1795 991 1881 σύστημα
1018 1798 1203 1882 πατρικίων
1232 1793 1304 1882 ἑξη·

276 1926 397 1984 ,κοντα
423 1901 500 1988 παρ’
524 1894 574 1980 οἷς
600 1903 642 1968 τδι
669 1903 804 1986 διοπετῆ
832 1902 918 1969 ὅπλα
944 1901 1156 1988 ἐφυλάττετο·
1188 1906 1236 1969 ἔτι
1264 1900 1303 1970 δὲ

247 2070 251 2079 ,
295 2009 362 2096 μὴν
392 2009 448 2076 καὶ
480 2011 576 2076 άλλοι
606 2009 798 2097 τριάκοντα,
829 2007 907 2097 παρ’
935 2001 984 2089 οἷς
1016 2010 1238 2096 ἐφυλάττοντο
1269 2013 1302 2077 ολ

257 2144 283 2187 ιι
297 2117 480 2203 σιβύλλειοι
502 2121 652 2205 χρησμοί.

256 2227 279 2284 0
361 2224 412 2291 37.
422 2222 543 2310 Ἱερέας
555 2222 714 2307 γενέσθαι
728 2224 765 2289 τὸ
779 2223 860 2311 πρὶν
873 2226 952 2301 τοὺς
964 2224 1104 2309 ὕστερον
1123 2204 1345 2309 &mov-133.

297 2355 356 2409 τας
372 2341 433 2398 τοῦ
447 2332 615 2417 Ῥωμαίων
637 2331 875 2416 πολιτεύματος
897 2327 1009 2397 οὐδενὶ
1027 2341 1095 2396 τῶν
1111 2330 1246 2396 πάντων
1252 2322 1354 2413 ,3ξῇ

295 2438 470 2525 ἠγνόηται,
499 2442 674 2526 Τυρρηνοῦ
697 2435 750 2503 ἐπὶ
775 2438 836 2522 την
863 2435 1003 2523 ἑσπέραν
1030 2435 1066 2502 ἐκ
1093 2446 1150 2522 τῆς
1173 2436 1303 2514 Λυδίας

295 2547 529 2630 μεταστάντος,
558 2546 638 2621 τοὺς
666 2547 740 2610 τότε
767 2543 992 2630 καλουμένους
1015 2541 1235 2630 Ἑτρούσκους
1256 2581 1302 2592 -

257 2667 284 2707 εν
298 2653 400 2742 ἔθνος
429 2648 466 2717 δὲ
496 2647 539 2736 ἦν
568 2652 718 2715 Σικανόν
744 2687 788 2697 -
810 2652 869 2727 τὰς
898 2652 1020 2715 Λυδῶν
1048 2651 1178 2728 τελετὰς
1207 2652 1302 2717 διδά-

294 2756 428 2841 ξαντος,
458 2756 518 2835 οὓς
547 2756 583 2822 ἐκ
605 2765 664 2840 της
687 2759 894 2833 θυοσκοπίας
922 2757 1092 2833 Θούσκους
1117 2757 1301 2841 συμβέβηκε

294 2869 596 2948 μετονομασθῆναι·
623 2859 678 2927 καὶ
700 2861 828 2926 τούτων
850 2863 898 2939 είς
920 2864 1041 2939 πλάτος
1063 2862 1101 2928 ἐν
1122 2872 1161 2947 τῇ
1183 2865 1298 2950 πρώτη

293 2976 350 3052 τῆς
380 2966 457 3053 περὶ
488 2978 603 3053 μηνῶν
634 2969 815 3052 γραφείσης
844 2965 925 3052 ἡμῖν
952 2971 1172 3054 πραγματείας
1203 2975 1300 3054 ίσμευ

293 3074 587 3159 μνημονεύσαντες.
631 3073 672 3138 τά
698 3072 761 3158 γδιρ
788 3072 930 3158 ἐπίσημα
951 3086 1018 3140 τῶν
1041 3074 1211 3163 ἀρχόντων
1234 3075 1299 3142 ἀπὸ

252 3197 278 3240 ω
295 3180 455 3246 Θούσκων
477 3181 590 3264 λαβὼν
612 3179 630 3246 δ
654 3181 809 3263 βασιλεὺς
820 3170 965 3264 ΙΝουμίις
986 3190 1025 3267 τη
1043 3185 1192 3268 πολιτείᾳ
1211 3183 1300 3266 εἰσή-

292 3310 403 3371 γαγεν,
426 3288 536 3373 ὥσπερ
558 3285 615 3352 καὶ
636 3297 705 3351 τῶν
727 3287 838 3352 ὅπλων
860 3287 897 3352 τὸ
919 3287 1088 3373 δύσμαχον
1109 3287 1172 3353 άπὸ
1192 3290 1301 3354 Γαλα-

292 3404 367 3459 τῶν.
411 3392 466 3459 καὶ
495 3394 659 3479 μάρτυρες
687 3388 749 3477 μὲν
779 3393 907 3458 τούτων
938 3394 956 3459 ό
986 3416 1021 3459 τε
1052 3396 1213 3459 Καπίτων
1244 3392 1300 3460 καὶ

296 3648 298 3654 v
363 3617 617 3690 ν.1τὴνίταλίαν
639 3618 775 3691 θορύβοις
792 3619 820 3674 Β
894 3620 976 3674 ὁκαὶ
997 3628 1079 3674 τοῦτο
1103 3619 1134 3675 δὲ
1156 3620 1227 3687 πρὸς
1249 3629 1300 3676 τοῦ

293 3698 384 3761 νουμᾶ
415 3687 602 3759 διατέθειται,
635 3689 703 3745 ὥστε
737 3691 802 3754 τούς
833 3690 915 3757 ἱερεῖς
935 3696 1003 3744 -6
1036 3689 1236 3758 ἀποκείρεσθαι
1269 3693 1301 3747 Χ

293 3759 462 3818 δάνειδόοο
486 3761 517 3816 X
587 3759 815 3830 9πολοιιάμητος
832 3762 859 3816 Α
877 3759 1071 3830 πολοκαμητάς
1087 3762 1116 3817 Β
1187 3767 1221 3818 13
1240 3765 1300 3818 διο-

293 3841 361 3904 πετη
376 3839 462 3887 -14
481 3829 686 3896 ostiarus
755 3838 787 3887 18
805 3834 959 3903 τορρηνούς
978 3832 1001 3888 O
1019 3849 1086 3889 corr.
1106 3832 1227 3890 Fussius.
