3074 4598
662 515 867 572 PRAEFATIO
1138 518 1266 576 XXXVII

306 692 412 747 νωνῶν
442 681 547 765 ἑορτὴν
578 702 608 760 p.
631 682 736 758 44‚15
836 680 940 760 ὃαίοις,
952 680 992 743 ἔτι
1002 677 1092 743 δὲκαὶ
1105 679 1265 762 ἀθηναίοις

291 774 402 849 4-45,
415 775 442 832 7.
710 789 713 794 ·
836 767 973 851 ἑπόμενοι
990 769 1040 832 καὶ
1056 767 1140 849 ἡμεῖς
1158 768 1190 835 ἐν
1203 777 1264 846 τοῖς

261 859 294 922 ἕν
335 864 399 933 ταῖς
436 858 615 938 νουμηνίαις
634 889 673 900 -
693 853 738 918 tt
835 852 906 940 παρ’
939 856 1012 938 ἡμῖν
1047 858 1188 921 turencio
1219 876 1264 921 σε·

304 948 427 1028 πάσχειν
448 968 477 1026 p.
496 949 598 1023 50‚11
624 965 738 1023 app-
835 949 987 1024 ληνιακοῖς
1020 947 1170 1020 κανονίοις
1206 945 1264 1011 ἀπὸ

306 1039 358 1113 53,
368 1038 397 1096 5.
837 1032 957 1116 ἓσπέρας
998 1035 1053 1116 τὴν
1085 1033 1179 1117 ἀρχὴν
1214 1043 1265 1115 τῆς

261 1134 396 1205 φυσικῶς
415 1119 653 1203 δὲ-ξηροιάτη
676 1121 739 1202 ὥρα
827 1119 1033 1202 ’ἕπιφοιτώσης
1056 1121 1165 1206 ἡμέρας
1186 1128 1264 1204 λογι-

304 1235 334 1293 p.
357 1215 460 1289 29,16
485 1232 598 1291 app-
610 1215 661 1288 30,
672 1215 701 1272 7.
734 1264 736 1268 ,
836 1209 955 1290 ζόμεθα,
975 1210 1266 1296 καίἆπὸιῆςὰρχῆς

258 1302 326 1384 περὶ
356 1299 474 1384 ἡμέρας.
508 1296 529 1381 ἡ
558 1298 671 1381 φυσικὴ
697 1331 736 1342 -
836 1308 888 1378 τῆς
910 1296 1032 1380 ἑσπέρας
1048 1300 1100 1374 τὰς
1118 1301 1196 1382 ῶρας
1213 1312 1265 1382 τῆς

304 1391 398 1454 νύκτα
423 1388 597 1473 ἠρίθμησαν
632 1411 661 1468 p.
687 1390 739 1465 18,
836 1386 943 1461 νυκτὸς
982 1387 1032 1450 καὶ
1069 1397 1121 1468 τῆς
1155 1387 1265 1473 ἡμέρας

307 1483 476 1562 11—2o,4
500 1500 569 1559 app.
835 1481 1083 1558 καταριθμοῦμεν.

262 1571 415 1649 sequiturz
445 1567 627 1652 ἠρίθμησαν.
676 1569 739 1639 τοῖς
793 1565 986 1627 subsecuntur
1020 1586 1099 1627 mere
1132 1569 1265 1629 astrono-

305 1651 361 1722 οὖν
392 1657 558 1741 αἶμνπιίοις
591 1653 642 1718 καὶ
676 1654 738 1717 ἰον-
837 1655 914 1716 mica
934 1655 1053 1716 aliunde
1072 1656 1178 1733 petita.

325 1837 384 1898 Ubi
405 1856 476 1898 vero
498 1837 560 1896 iam
589 1832 749 1897 seeundum
777 1835 856 1894 hunc
883 1833 1011 1895 indicem
1040 1834 1157 1913 singula
1184 1835 1264 1914 frag·

258 1927 361 1985 menta
383 1924 420 1985 ab
448 1943 597 2000 anonymo
626 1923 736 1984 codicis
758 1922 789 1983 H
811 1924 931 1983 auctore
960 1926 1077 1984 servata
1104 1924 1265 2001 perlustra·

258 2013 352 2088 veris,
381 2013 484 2073 statim
514 2029 688 2071 consensum
712 2011 946 2088 animadvertes,
976 2013 1027 2087 qui
1054 2013 1134 2080 inter
1158 2013 1213 2072 illa
1234 2014 1265 2072 et

258 2101 401 2178 reliquias
422 2099 575 2177 Lydiauas
604 2098 718 2173 existit,
748 2098 852 2176 quales
880 2099 912 2158 in
941 2099 1089 2160 codicibus
1110 2101 1264 2160 Laurentii

257 2190 377 2250 nornine
406 2189 532 2267 signatis
562 2188 728 2248 occurrunt.
780 2186 819 2246 ad
846 2205 939 2246 unum
968 2188 1046 2247 enim
1074 2189 1135 2248 iere
1164 2189 1264 2250 omnia

259 2281 427 2357 congruunt
457 2297 525 2338 cum
560 2276 611 2352 iis,
647 2293 723 2352 quae
755 2275 798 2335 ibi
828 2276 1031 2352 proferuntur,
1068 2296 1162 2353 neque
1193 2277 1263 2338 novi

259 2368 421 2445 quidquam
443 2366 559 2427 accedit
579 2367 699 2442 praeter
719 2364 866 2423 mensium
887 2364 1057 2443 catalogum
1071 2356 1114 2446 (p.
1129 2367 1264 2442 5930—

260 2458 310 2532 61,
322 2449 357 2538 9)
380 2458 411 2515 et
431 2454 649 2533 praefationem
670 2452 740 2513 libri
758 2451 882 2512 alterim
897 2445 940 2535 (p.
956 2453 1006 2524 18,
1017 2450 1146 2533 3-10).
1173 2457 1263 2532 atque

258 2544 475 2621 praefationem
504 2543 624 2621 quidem
650 2560 669 2601 a
691 2541 757 2602 viro
787 2541 888 2618 docto,
915 2541 1090 2620 quicumque
1117 2545 1263 2604 tractatus
1386 2535 1391 2542 ’

257 2630 325 2712 περὶ
347 2639 451 2711 μηνῶν
472 2629 523 2692 καὶ
545 2630 657 2710 δρόμου
684 2627 810 2708 σελήνης
836 2632 940 2691 auctor
967 2630 1038 2710 fuit,
1067 2633 1263 2711 conscriptam

258 2738 320 2782 esse
338 2721 507 2798 putaverim
528 2719 583 2795 ita,
604 2719 693 2779 utin
716 2718 855 2780 extremis
876 2719 1021 2796 prooemii
1042 2721 1176 2797 partibus
1199 2724 1263 2781 arte

259 2829 289 2870 se
314 2810 511 2888 applicaverit
532 2809 572 2868 ad
588 2807 744 2869 Laurentii
761 2807 861 2868 verba.
886 2808 996 2868 mirum
1014 2809 1092 2869 enim
1105 2809 1263 2870 admodum

257 2900 312 2976 est,
335 2899 415 2976 quod
435 2899 502 2977 pari
524 2898 588 2958 iure
607 2897 733 2975 spondet
756 2915 787 2957 se
810 2898 945 2957 acturum
963 2915 1025 2957 esse
1043 2898 1078 2957 de
1097 2898 1263 2959 differentia

258 3006 412 3064 annorum,
439 3005 522 3064 aevo,
548 2989 691 3063 tempore,
719 2985 808 3046 initio
834 2985 957 3061 dierum,
986 3005 1052 3046 cum
1078 3007 1111 3046 re
1132 3006 1204 3047 vera
1226 2986 1262 3047 de

256 3095 329 3137 aevo
349 3079 380 3136 et
396 3082 530 3154 tempore
549 3075 607 3135 duo
624 3074 759 3153 proferat
770 3074 870 3149 verba,
892 3073 985 3134 addat
1006 3077 1105 3135 autern
1118 3076 1263 3135 mensium

256 3165 441 3242 catalogum,
471 3183 559 3241 quem
587 3164 619 3223 in
647 3162 865 3241 prolegomenis
893 3162 983 3240 plane
1009 3165 1155 3223 tacuerat:
1185 3182 1261 3240 quae
1297 3172 1300 3177 ’

257 3253 357 3313 omnia
383 3251 451 3311 inde
475 3253 542 3311 orta
565 3269 627 3311 esse
653 3251 835 3327 putaverim,
866 3250 946 3327 quod
971 3250 1027 3311 hoc
1054 3270 1169 3328 quoque
1195 3252 1261 3312 loco

254 3340 372 3417 Lydum
397 3340 554 3416 expressit,
581 3340 664 3399 ouius
691 3338 838 3399 scribendi
859 3339 961 3416 generi
987 3339 1097 3415 optime
1124 3341 1263 3400 convenit

257 3427 450 3489 artificiosum
472 3429 553 3488 illud
570 3425 681 3508 γένοιτο
703 3423 742 3486 ἂν
757 3472 764 3486 .
779 3424 926 3506 ,ἥδυσμα
957 3428 1061 3504 quodsi
1082 3447 1151 3489 vero
1173 3429 1261 3489 initio

256 3517 379 3579 alterius
401 3516 596 3577 Laurentiani
618 3515 687 3576 libri
704 3515 795 3575 -do
812 3514 909 3592 primo
927 3516 1014 3591 enim,
1037 3516 1118 3577 cuius
1135 3517 1261 3578 matema

256 3605 293 3666 ab
319 3606 367 3666 his
396 3606 495 3666 aliena
524 3607 582 3684 est,
611 3604 738 3682 cogitari
767 3603 936 3681 nequit-
959 3605 1090 3665 extitisse
1119 3606 1260 3666 sumimus

254 3695 433 3772 promissum
463 3694 540 3754 illud
571 3693 609 3753 ab
640 3695 760 3753 auctore
792 3693 909 3769 datum,
939 3692 1106 3754 locutnum
1137 3713 1167 3754 so
1199 3712 1260 3755 esse

255 3781 322 3864 περὶ
344 3791 457 3863 μηνῶν,
480 3782 553 3844 ὅθεν
574 3779 625 3842 καὶ
647 3781 726 3854 ὅπως
744 3779 799 3860 τὴν
816 3781 1014 3862 προσηγορίαν
1032 3782 1129 3844 αι’πῶν
1142 3778 1260 3857 ἕκαστος

255 3871 368 3952 εἰληφε,
390 3869 440 3932 καὶ
463 3870 536 3953 ἅπερ
559 3863 631 3932 καθ’
657 3866 779 3932 ἕκαστον
802 3868 899 3932 αὐτῶν
921 3876 983 3944 τοῖς
1000 3862 1150 3951 Ῥωμαίοις
1171 3871 1260 3932 πάλαι
