3074 4598
677 532 883 590 PRAEFATIO
1166 539 1280 599 XXXIX

274 704 626 785 tonianikapograpbum
656 701 689 761 in
721 700 819 761 codice
851 700 1049 763 Mutinensi
1083 721 1207 782 graeco
1235 709 1277 768 34

274 787 510 882 (m-A--·2o)
543 792 699 851 chartaceo
731 805 753 847 s.
779 787 860 868 XIV,
891 791 974 852 cuius
1005 790 1143 851 ultimum
1173 793 1278 855 folium

274 884 380 962 incipit
397 889 481 943 arco
502 878 645 960 καρκίνον
668 880 774 957 μοῖραν
797 869 849 957 (cf.
868 878 912 939 ed.
929 900 958 957 p.
978 882 1030 957 60,
1043 876 1097 960 16)
1116 882 1148 940 et
1163 880 1276 942 Hamil·

274 971 389 1035 tcniani
401 969 493 1030 verba
510 967 649 1045 exprimit
666 984 759 1042 usque
773 964 813 1025 ad
825 961 1009 1046 ἐπιτηδείων·
1032 966 1083 1052 ἔαρ
1097 966 1134 1047 δὴ
1147 968 1276 1032 ineuntis

272 1060 379 1122 mensis
401 1056 535 1118 Ianuarii
560 1047 603 1138 (p.
629 1055 679 1130 75,
700 1045 765 1136 13).
816 1053 971 1133 descripsit
996 1058 1053 1119 hoc
1077 1058 1181 1119 folium
1204 1057 1275 1119 oui-

270 1150 376 1210 lelmus
404 1145 614 1223 Weinbergor‚
644 1144 697 1220 qui
724 1142 803 1202 hunc
828 1143 958 1204 codicem
982 1146 1132 1208 intereos
1158 1167 1274 1208 enume-

270 1241 330 1314 rat,
357 1234 467 1313 quibus
488 1233 758 1294 Philostratearnm
779 1231 944 1310 imaginum
969 1236 1111 1296 memoria
1132 1239 1274 1314 servatur,

268 1325 443 1386 Studiorum
474 1321 748 1383 Vindobonensium
778 1321 837 1381 vol.
860 1320 916 1380 XV
942 1340 971 1398 p.
996 1324 1073 1400 3083
1104 1326 1273 1404 apographo

269 1415 331 1474 eius
350 1411 389 1472 ab
407 1413 473 1490 ipso
490 1411 620 1491 benigne
638 1409 713 1469 mibi
731 1427 868 1470 concesso
886 1428 957 1470 usus
975 1429 1049 1488 sum,
1067 1412 1117 1472 sed
1135 1415 1274 1489 quoniam

267 1501 338 1562 novi
366 1501 443 1561 nihil
473 1521 508 1561 er
537 1518 572 1561 co
602 1498 754 1574 discimus,
788 1497 821 1557 id
851 1498 908 1560 hoc
937 1499 1004 1561 loco
1033 1517 1272 1564 commemorasse

267 1591 339 1653 satis
363 1591 429 1650 erit

333 1679 581 1740 Enumeravimus
602 1677 746 1737 hactenns
768 1693 819 1737 eos
837 1676 952 1737 codices
969 1675 1176 1738 Laurentiania
1192 1679 1271 1758 freg-

265 1769 373 1830 mentis
395 1767 538 1844 repletos,
568 1785 694 1844 quorum
722 1764 839 1826 librarii
868 1764 986 1846 singula
1013 1767 1113 1845 capita
1133 1766 1165 1825 in
1185 1787 1271 1828 usum

266 1875 350 1918 sunm
373 1858 536 1935 verterunt,
558 1855 621 1916 sive
643 1857 679 1915 ut
700 1854 847 1915 elementa
866 1855 972 1915 fierent
989 1855 1138 1916 doctrinae
1156 1857 1270 1919 univcr-

264 1945 335 2005 salis
362 1936 405 2026 (R
427 1936 516 2027 sim),
547 1943 610 2004 sire
638 1946 674 2003 ut
703 1943 894 2004 astronomici
922 1946 1069 2005 mactatus
1098 1947 1271 2007 ornarentur

263 2032 401 2093 doctrina
422 2031 504 2092 illius
528 2023 575 2113 (P,
589 2023 647 2114 H);
667 2030 730 2090 iam
751 2050 822 2091 vero
844 2033 1031 2092 transeamus
1053 2032 1158 2094 adeas
1176 2035 1269 2112 epito-

263 2139 340 2198 mas,
370 2139 497 2198 quarum
527 2121 663 2179 auctores
689 2119 721 2178 id
750 2120 888 2199 egerunt,
921 2123 957 2179 ut
983 2122 1133 2200 integrum
1160 2122 1269 2182 librum

262 2207 329 2290 περὶ
350 2216 454 2288 μηνῶν
471 2210 647 2287 perorarent
668 2208 883 2284 enotarentque
901 2225 1101 2286 quaecumque
1127 2211 1269 2272 memoria

261 2297 334 2375 ipsis
361 2296 535 2358 riderentur
565 2295 670 2375 digna:
714 2295 771 2355 hae
807 2296 888 2356 enim
923 2296 1004 2358 solae
1036 2317 1104 2358 rere
1135 2298 1267 2360 codicum

261 2387 532 2448 Laurentianornm
553 2385 739 2445 recensiones
760 2387 888 2462 possunt
909 2385 975 2445 dici
1022 2404 1145 2462 quarum
1161 2387 1267 2468 prima,

261 2478 294 2536 et
314 2476 381 2554 ipsu
402 2475 508 2554 ignota
534 2473 643 2552 adhuc,
675 2476 880 2549 excerptorum
902 2473 1038 2536 collectio
1061 2478 1106 2535 est
1131 2474 1169 2535 ab
1196 2494 1265 2536 ano·

260 2582 349 2639 nymo
372 2561 503 2640 quodam
525 2561 706 2639 conscripta,
734 2581 826 2637 quam
857 2563 988 2622 servavit
1014 2563 1105 2624 codex
1126 2562 1264 2625 Scoria·
1294 2588 1321 2620 ec

260 2651 373 2712 lensia
398 2650 594 2711 Φ-ΙΠ-1.
639 2650 809 2711 adverterat
835 2652 936 2711 autem
962 2650 1094 2712 animum
1114 2671 1212 2713 meum
1232 2654 1265 2715 in

260 2739 390 2801 codicem
412 2739 498 2800 illum
521 2738 681 2817 descriptio
702 2737 821 2816 Milleri
844 2739 897 2815 qui
917 2739 950 2800 in
970 2738 1112 2820 Galalogo
1133 2741 1265 2803 codicum

260 2847 351 2890 manu
369 2828 548 2905 scriptorum
561 2846 736 2908 graecorum
754 2826 984 2889 Scorialensium
996 2847 1025 2906 p.
1041 2831 1103 2891 174
1116 2830 1264 2913 narrabat,

257 2917 387 2997 incipere
419 2917 453 2977 in
480 2917 568 2977 huius
601 2915 710 2977 codicis
740 2917 813 2977 folio
839 2919 923 2978 107*
944 2917 1113 2997 fragmenta
1143 2915 1175 2979 ἐκ
1204 2927 1263 2981 τῶν

258 3014 310 3068 τοῦ
322 3006 521 3088 Aremorico,
533 3004 705 3083 primosque
716 3005 805 3066 huius
824 3005 971 3083 epitomae
984 3025 1089 3067 versus
1102 3009 1262 3085 exscripsit

257 3114 384 3172 quornm
407 3113 476 3155 cum
496 3093 615 3173 plenior
634 3093 793 3155 verborum
816 3095 902 3170 copia
920 3098 1005 3174 esset,
1029 3115 1116 3172 qnam
1138 3115 1213 3173 quae
1230 3097 1262 3156 in

256 3183 381 3260 reliquis
404 3181 561 3260 legebatur
582 3182 717 3242 codicum
738 3181 970 3261 recensionibus,
991 3202 1046 3260 per
1063 3184 1178 3244 litteras
1200 3183 1262 3244 adii
1336 3215 1339 3221 ·

256 3270 482 3331 Mordauntium
519 3269 672 3346 Barnard,
712 3270 810 3330 virum
848 3269 967 3330 doctum
1000 3270 1171 3350 Britanum,
1207 3272 1261 3349 qui

255 3360 320 3418 tum
350 3358 383 3417 in
411 3358 593 3418 monasterio
624 3357 802 3419 Scoriulensi
830 3357 966 3419 codicum
998 3359 1097 3420 studio
1126 3360 1261 3438 uacabat,

255 3465 381 3525 eumque
393 3447 508 3525 rogavi,
523 3449 558 3507 ut
571 3447 700 3507 codicem
717 3446 750 3505 in
767 3466 854 3507 usum
871 3467 969 3507 meum
988 3448 1141 3510 evolveret
1178 3449 1259 3510 cuius

254 3534 381 3615 benigno
415 3554 557 3613 responso
592 3534 768 3596 firmabatur
803 3535 903 3612 opinio
938 3555 1018 3614 mea,
1054 3554 1158 3615 operae
1197 3556 1258 3599 esse

253 3624 396 3702 pretium,
428 3624 503 3684 folia
533 3623 605 3700 ista,
638 3624 744 3701 quibus
767 3624 997 3686 continebantur
1018 3622 1052 3685 τὰ
1074 3623 1106 3685 ἐκ
1126 3632 1185 3686 τῶν
1206 3634 1259 3688 τοῦ

253 3711 451 3794 Aremorico,
474 3712 642 3773 accuratius
662 3713 840 3789 perquirere.
876 3732 972 3790 neque
989 3732 1037 3773 me
1055 3731 1121 3792 spes
1138 3714 1257 3776 fefellit:

252 3801 372 3861 uberem
403 3801 483 3862 enim
510 3801 642 3860 fructum
664 3819 681 3861 s
704 3800 802 3862 codice
832 3801 885 3862 illo
910 3801 1109 3862 o-m-1
1132 3803 1256 3883 percepi,

254 3893 414 3967 postquam
446 3893 516 3951 ante
546 3889 601 3950 hos
638 3888 711 3951 dnos
742 3908 836 3952 annos
868 3890 906 3951 ad
936 3890 1144 3953 bibliothecam
1174 3892 1257 3953 illam
