3074 4598
418 527 420 531 ’
473 535 479 562 ‘
525 535 635 594 τουτο
652 534 830 601 QUARTUS.
859 523 998 595 ιΡιιιιιε
1202 544 1265 610 125

251 705 432 787 ἀναλαβών
450 739 493 749 -
513 705 650 766 λίτουον
668 696 698 762 δ’
721 697 827 783 αὐτὴν
844 705 988 788 πατρίως
1001 701 1167 786 Ῥωμαίοις
1185 705 1303 783 ἔθοςΧ

255 816 369 878 καλεῖν
400 807 465 874 άπὸ
497 815 555 890 τῆς
587 809 744 887 λιτῆς-
768 803 953 892 ἑξεφύυησε
984 810 1021 874 τὸ
1052 817 1109 892 τῆς
1138 809 1264 886 πόλεως

257 917 373 1001 ὄνομα,
395 915 503 996 πάσης
527 913 691 996 ἱερατικῆς
712 914 844 995 τελετῆς
865 911 1076 999 ἡγησάμενος.
1121 913 1264 998 ὀνόματα

256 1019 293 1092 δὸ
312 1031 352 1108 τῇ
370 1022 465 1086 πόλει
483 1020 570 1101 τρία,
590 1014 778 1081 τελεστικὸν
797 1015 962 1101 ἱερατικὸν
978 1023 1160 1087 πολιτικόν·
1178 1024 1265 1085 τελε-

255 1127 371 1195 στικὸν
391 1120 453 1208 μὲν
471 1120 576 1189 οἱονεὶ
590 1120 707 1209 Ἔρως,
731 1122 816 1189 ὥστε
832 1123 957 1201 πάντας
974 1127 1070 1210 ἔρωτι
1087 1130 1170 1213 θείω
1188 1125 1263 1211 περὶ
1290 1155 1302 1195 τ

254 1235 316 1317 τὴν
331 1233 433 1296 πόλιν
449 1228 657 1315 κατέχεσθαι,
680 1230 734 1296 διὸ
752 1226 808 1294 καὶ
821 1225 1043 1315 Ἀμαρυλλίδα
1061 1235 1121 1318 τὴν
1133 1236 1232 1300 πόλιν
1246 1234 1263 1301 ὸ

254 1338 392 1421 ποιητὴς
423 1337 673 1424 αἰνιγματωδῶς
703 1335 929 1421 βουκολιάζων
959 1342 1065 1403 καλεί·
1102 1340 1264 1425 ἱερατικὸν

254 1440 293 1509 δὸ
317 1447 441 1529 Φλωρα
469 1443 572 1512 οἱονεὶ
601 1446 769 1527 άνθουσα,
798 1443 881 1509 ὅθεν
902 1445 984 1510 κατὰ
1011 1445 1133 1528 ταύτην
1154 1443 1174 1528 ἡ
1197 1454 1264 1511 ’τῶν

254 1554 497 1636 Λύθεστηρίων
520 1550 630 1637 ἑορτή·
657 1550 831 1617 πολιτικὸν
853 1546 891 1615 δὲ
909 1549 1020 1637 Ῥῶμα.
1064 1549 1118 1616 καὶ
1143 1550 1180 1616 τὸ
1203 1548 1265 1635 μὸν

255 1659 421 1743 ἱερατικὸν
443 1667 546 1724 πᾶσιν
568 1652 611 1741 ἦν
634 1658 738 1740 δῆλον
759 1655 815 1722 καὶ
838 1655 941 1735 ἀδεῶς
964 1655 1143 1742 ἐξεφέρετο,
1165 1656 1202 1721 τὸ
1224 1652 1261 1723 δὲ
1274 1685 1301 1724 ιο

254 1766 442 1831 τελεστικὸν
470 1766 587 1849 μόνοις
616 1773 686 1841 τοῖς
716 1762 928 1850 ἀρχιερεῦσιν
959 1762 1086 1847 ἐξάγειν
1116 1760 1168 1830 ἐπὶ
1197 1773 1264 1830 τῶν

255 1872 355 1956 ἱερῶν
381 1867 613 1955 ἐπετέτραπτο·
640 1867 695 1934 κ”ιιὶ
723 1872 837 1954 λόγος,
863 1872 981 1948 ποινὰς
1006 1871 1165 1957 ὑποσχεῖν
1189 1881 1264 1937 τινα

253 1987 322 2042 τῶν
344 1975 382 2040 ἐν
403 1975 489 2042 τέλει
513 1974 607 2059 ποτέ,
635 1974 712 2043 ἄνθ’
735 1971 784 2041 ὧν
810 1973 865 2041 ἐπὶ
891 1986 952 2042 τοῦ
972 1979 1124 2062 πλήθους
1149 1978 1186 2043 τὸ
1214 1988 1263 2044 ’τε-

254 2081 407 2148 λεστικὸν
442 2083 550 2166 ὄνομα
586 2090 645 2166 τῆς
683 2084 811 2158 πόλεως
848 2080 1042 2167 ἀναφανδὸν
1078 2083 1263 2169 ἐθάρρησεν

255 2187 402 2268 ἐξειπεῖν.
446 2188 529 2272 μετὰ
552 2183 590 2253 δὲ
612 2186 674 2270 τὴν
696 2184 750 2251 ἐπὶ
773 2195 812 2272 τῇ
831 2185 1045 2273 ἀναγορεύσει
1063 2198 1120 2273 τῆς
1137 2191 1261 2267 πόλεως
1274 2205 1300 2258 ’τι

254 2295 387 2378 τελετὴν
419 2291 533 2374 ζεύξας
563 2301 690 2378 ταῦρον
721 2293 802 2377 μετὰ
834 2294 1002 2377 δαμάλεως
1033 2300 1194 2379 περιῆλθε
1226 2297 1261 2362 τὸ

253 2410 373 2485 τεῖχος,
400 2400 462 2465 τὸν
483 2395 546 2483 μὲν
573 2399 697 2485 άρρενα
719 2396 772 2464 ἐπὶ
799 2399 861 2482 τὴν
886 2407 947 2464 τοῦ
973 2400 1090 2466 πεδίου
1115 2403 1262 2486 πλευράν
1354 2423 1355 2426 ’

254 2506 376 2589 ζεύξας,
399 2505 461 2589 τὴν
484 2502 521 2570 δὲ
539 2508 681 2589 θήλειαν
700 2503 753 2569 ἐπὶ
771 2506 809 2570 τὸ
832 2513 889 2588 τῆς
906 2508 1030 2582 πόλεως
1048 2504 1156 2591 μέρος,
1180 2507 1262 2574 ὥστε

255 2613 333 2689 τοὺς
356 2607 417 2696 μὲν
440 2612 583 2697 άρρενας
605 2621 674 2690 τοῖς
696 2610 756 2690 ἔξω
779 2614 934 2694 γίνεσθαι
953 2614 1128 2700 φοβερούς,
1150 2614 1208 2691 τὰς
1226 2611 1263 2680 δὸ

253 2708 392 2802 ’θηλείας
410 2726 481 2794 τοῖς
499 2717 600 2783 ἔνδον
618 2719 789 2802 γονίμους·
812 2715 867 2783 καλ
885 2719 997 2803 λαβὼν
1014 2721 1124 2804 βῶλον
1143 2703 1301 2788 ἐκτῶντο

253 2807 314 2905 ἔξω
339 2833 397 2909 τῆς
418 2825 547 2901 πόλεως
568 2834 680 2910 μερῶν
702 2824 766 2889 σὺν
787 2822 843 2889 καὶ
866 2835 937 2902 ταῖς
960 2824 1043 2910 πρὸς
1065 2835 1130 2892 τῶν
1152 2826 1262 2892 ἄλλων
1350 2898 1354 2902 ,

253 2927 538 3016 ἕπικομιζομέναις
560 2927 613 2995 ἐπὶ
636 2930 697 3014 τὴν
718 2931 819 2996 πόλιν
840 2931 1002 3015 ἠκόντιζε,
1029 2932 1130 3019 ταύτῃ
1153 2933 1262 2999 οἱωνι-

253 3038 405 3122 σάμενος,
433 3036 490 3101 διὸ
513 3036 636 3112 παντὸς
659 3034 764 3120 αὐτὴν
791 3034 827 3101 ἐκ
848 3043 906 3120 ’τῆς
928 3048 995 3103 τῶν
1018 3037 1142 3116 ἔξωθεν
1163 3037 1261 3104 ἐπαυ-

254 3143 397 3228 ξηθῆναι
421 3141 620 3226 συνδόσεως,
642 3139 697 3206 καὶ
719 3139 789 3226 μετ’
812 3141 917 3224 ὀλίγα.
955 3148 1087 3208 πολλῶν
1104 3140 1141 3210 δὲ
1159 3143 1262 3222 ξένων

255 3248 492 3316 συνελθόντων
515 3246 552 3313 ἐν
579 3242 676 3334 αὐτῇ,
704 3249 737 3313 οἱ
764 3256 825 3312 τοῦ
847 3246 1013 3332 Ῥωμύλου
1040 3250 1177 3333 λογάδες
1202 3251 1262 3335 τὴν
1275 3277 1301 3319 τε

254 3355 408 3439 ἡμίσειαν
430 3362 489 3437 τῆς
512 3347 639 3419 ἑαυτὸν
660 3355 803 3438 κτήσεως
825 3345 894 3430 τοῖς
916 3353 1052 3439 ἐπήλυσι
1074 3356 1262 3441 παρεχώρη-

255 3479 329 3544 σαν,
353 3461 484 3546 οίκῆσοιι
506 3461 568 3544 τὴν
581 3457 706 3544 Ῥώμην
728 3457 851 3536 αὐτοὺς
871 3463 1053 3538 πείσαντες·
1076 3461 1134 3539 οὓς
1157 3460 1262 3528 ὸῬω-

324 3635 349 3672 v.
364 3622 380 3670 6
400 3615 416 3671 δ
434 3614 552 3685 ποιητής
570 3613 604 3670 cf.
624 3614 699 3670 Serv,
717 3614 801 3687 Verg.
820 3613 878 3671 1⁴:01.
898 3615 911 3670 I
929 3621 963 3670 30

325 3777 350 3813 v.
365 3765 381 3813 4
399 3763 439 3829 ’πῆ
459 3755 539 3812 πόλει
555 3757 584 3812 A
655 3754 733 3811 θὸτι
752 3759 853 3826 &iffa
874 3757 952 3827 παρὰ
974 3755 1106 3829 δωματίοις
1120 3758 1161 3814 ἶ’ίδι
1180 3759 1259 3832 {wa

255 3833 309 3886 οεὶ.
328 3828 423 3956 {eas
475 3835 508 3883 13
527 3826 606 3900 ’πὀτὲ]
624 3827 724 3883 τούτου
742 3827 771 3882 Β
813 3832 859 3882 ’θο
877 3836 935 3893 τοῖς
953 3828 1028 3885 omis.
1045 3831 1072 3886 B
1125 3836 1159 3885 22
1177 3819 1260 3900 ἦκὸν-

254 3919 310 3958 τισε
