3074 4598
628 495 832 551 Parasino
1143 486 1245 561 nrm

222 692 288 733 sum
310 670 343 740 in
366 666 494 725 editione
517 666 623 724 notam
643 662 700 723 Sea
721 662 822 722 adieci.
858 665 919 725 tale
942 664 1037 747 igitur
1058 668 1131 742 erat,
1154 688 1228 744 quae

220 775 299 820 anno
334 756 419 815 1794
450 753 572 829 Lipsiae
605 770 621 810 e
656 750 779 809 libraria
809 750 1056 814 Weidmanniana
1086 758 1228 831 processit

222 842 352 906 ‘Ioannis
386 841 542 901 Laurentii
570 837 836 914 Philadelphicnsis
870 842 948 918 Lydi
984 843 1156 920 opusculum
1191 845 1227 906 de

219 930 378 1007 mensibus,
398 949 433 989 ex
445 928 596 990 codicibus
611 926 819 1003 manuscriptis
832 927 1035 991 Bibliothecae
1048 931 1227 993 Barbarinae

220 1025 251 1082 et
273 1019 439 1078 Vaticanae
466 1020 497 1076 et
519 1017 721 1093 fragmentum
742 1014 778 1074 de
800 1019 898 1077 terrae
920 1020 1047 1082 motibus
1072 1041 1107 1080 ex
1130 1021 1226 1083 codice

218 1108 423 1170 Bibliothecae
440 1106 604 1182 Angelicae
622 1097 793 1178 Romanae',
816 1124 892 1181 quae
916 1100 1032 1186 ‘graece
1053 1110 1154 1186 edidit,
1176 1129 1227 1170 va·

218 1199 358 1258 rietatem
384 1193 520 1255 lectionis
549 1197 580 1254 et
607 1196 781 1273 argumenta
807 1192 916 1254 adiecit
938 1195 1078 1258 Nicolaus
1102 1195 1226 1259 Sohow.'

218 1288 288 1364 post
310 1284 396 1344 illum
418 1285 518 1344 autem
542 1282 654 1360 optime
677 1281 713 1342 de
734 1280 818 1358 Lydo
840 1283 964 1343 meritus
987 1287 1031 1344 est
1054 1285 1084 1346 O.
1103 1287 1137 1346 B.
1155 1288 1223 1348 Ha·
1236 1299 1382 1346 canum·

219 1376 309 1448 sius,
328 1375 389 1451 qui,
408 1391 474 1433 cum
492 1391 572 1433 anno
593 1373 677 1432 1812
696 1369 817 1431 Parisiis
832 1369 986 1431 Laurentii
1004 1373 1121 1450 librum,
1140 1396 1227 1452 quem

219 1464 254 1522 de
273 1463 497 1542 magistratibus
516 1463 561 1522 rei
575 1459 711 1539 publicae
725 1459 876 1520 Romanae
891 1461 1071 1538 conscripsit,
1090 1463 1189 1523 ederet
1201 1466 1224 1525 L

217 1553 254 1612 D.
268 1551 400 1628 Fussius‚
416 1551 633 1628 amplissimum
646 1548 800 1626 praemisit
813 1549 1055 1611 commentarium
1070 1551 1105 1611 de
1115 1551 1226 1613 Ioanne

217 1641 318 1718 Lydo,
346 1660 404 1720 quo
426 1643 458 1701 in
480 1640 518 1702 iis
548 1658 624 1717 quae
651 1637 831 1716 praecedunt
856 1638 1027 1717 saepissime
1053 1640 1100 1701 usi
1118 1659 1225 1702 sumus.

216 1733 250 1791 in
278 1731 332 1790 illo
363 1733 477 1806 autem,
506 1730 539 1789 id
567 1727 647 1806 quod
673 1727 745 1787 item
770 1727 831 1787 iam
857 1730 1033 1804 monuimus,
1060 1730 1225 1791 accuratius

217 1818 459 1880 describebantur
480 1817 595 1878 codices
618 1816 747 1876 Parisini
773 1818 872 1895 graeci
897 1820 979 1880 1409
1005 1809 1057 1900 (F)
1086 1821 1116 1878 et
1139 1820 1224 1879 3084

217 1900 273 1989 (Β)
296 1908 471 1982 animusque
493 1906 615 1966 lectoris
637 1905 670 1964 in
692 1905 820 1965 codicem
838 1903 1026 1966 Oaseolinum
1044 1899 1100 1989 (Ο)
1124 1909 1224 1968 adver·

215 1995 346 2071 tebatur,
368 1996 451 2054 ouius
474 2012 519 2069 ea,
543 2012 620 2071 quae
644 1996 713 2054 sunt
734 1994 770 2052 de
792 1994 941 2055 mensibus
963 1995 1140 2074 fragmenta,
1161 1999 1223 2073 ipse

215 2084 327 2144 Hasius
350 2082 444 2143 edidit
466 2081 504 2140 ad
532 2081 644 2141 calcem
670 2080 739 2141 libri
766 2081 801 2140 de
828 2084 966 2158 ostentis,
992 2083 1114 2144 Parisiis
1139 2086 1222 2145 1823

214 2193 243 2251 p.
263 2174 413 2250 262sqq.,
436 2171 541 2247 exiguo
565 2169 668 2229 addito
691 2172 899 2231 commentario
922 2190 951 2248 p.
971 2173 1106 2249 333sqq.

281 2260 387 2320 Denuo
419 2263 519 2319 autem
550 2258 649 2336 ipsum
680 2257 788 2317 librum
819 2257 855 2316 de
885 2258 1034 2319 mensibus
1065 2261 1098 2319 iu
1127 2259 1222 2320 lucem

213 2349 309 2410 edidit
338 2347 539 2410 Guilelmus
566 2346 722 2407 Roether
750 2347 928 2423 inscriptum
955 2340 1107 2409 ‘’Iudvvco
1136 2353 1220 2408 Λαυ-
1230 2361 1379 2408 successor

214 2438 330 2516 ρεντίου
355 2435 562 2514 censeretur
579 2435 688 2496 Λυδοῦ
709 2432 775 2513 περὶ
795 2445 909 2515 μηνῶν,
931 2436 1050 2498 Ioannis
1068 2436 1221 2498 Laurentii

212 2525 442 2603 Philadelpheni
472 2525 551 2602 Lydi
588 2524 624 2583 de
655 2524 803 2585 mensibus
835 2544 912 2601 quac
943 2527 1045 2586 extant
1076 2530 1220 2605 excerpta,

212 2614 334 2691 Lipsiae
361 2617 392 2674 et
419 2613 605 2674 Darmstadii
630 2607 736 2674 1827?
779 2613 805 2672 is
830 2613 1036 2675 Schowianam
1063 2615 1221 2676 editionem

211 2722 306 2780 usque
334 2722 369 2763 eo
397 2706 443 2762 est
470 2705 601 2778 secutus,
628 2704 663 2762 ut
685 2701 908 2778 dispositionem
932 2703 1016 2762 illam
1038 2704 1221 2783 singulorum

211 2792 448 2870 fragmentorum
475 2806 493 2850 a
522 2789 657 2850 Sohowio
683 2790 853 2850 incohatam
882 2792 920 2851 ad
946 2791 1035 2852 finem
1062 2792 1220 2870 perducere

211 2899 272 2940 non
302 2880 438 2956 auderet,
471 2881 608 2957 quamvis
640 2897 707 2938 eam
734 2880 855 2939 minime
887 2880 1053 2942 absolutam
1085 2901 1146 2943 esse
1175 2883 1219 2941 in·

211 2969 388 3044 tellexisset3
424 2971 555 3029 ceterum
585 2967 672 3028 Hasii
703 2970 912 3030 commentario
944 2973 1106 3031 commotus
1137 2971 1220 3031 Pan'-

210 3058 269 3118 sini
298 3058 385 3119 3084
416 3057 558 3118 lectiones
590 3055 700 3116 adiecit
730 3060 760 3117 et
787 3056 939 3118 Lambeoii
970 3063 1106 3136 excerpta
1137 3060 1219 3119 adhi-

209 3145 288 3220 buit,
321 3145 358 3204 de
390 3164 443 3205 suo
475 3144 601 3221 denique
633 3145 796 3205 versionem
823 3145 950 3207 latinam
981 3151 1012 3207 et
1038 3150 1219 3210 coniecturas

209 3233 370 3293 nonnuflas
393 3232 520 3309 addidit,
545 3232 651 3309 quibus
669 3232 720 3291 ubi
737 3251 805 3293 usus
824 3252 890 3294 sum
907 3235 939 3294 in
958 3235 1094 3310 editione,
1116 3241 1219 3297 notam

209 3322 257 3381 Rr
279 3320 431 3398 adscripsi

277 3409 408 3470 Ultimus
437 3409 565 3487 denique
594 3408 749 3485 editorum,
780 3430 868 3487 quem
890 3412 1101 3472 nominandum
1129 3413 1217 3473 habe·

209 3517 284 3574 mus,
302 3497 501 3557 Immanuel
518 3497 658 3557 Behher
676 3501 729 3573 est,
748 3499 799 3574 qui
816 3517 884 3558 cum
900 3499 1017 3578 Lydum
1034 3519 1112 3560 anno
1132 3503 1214 3563 1837
1236 3513 1355 3556 naemu

208 3588 240 3646 in
264 3605 370 3662 corpus
394 3587 573 3662 scriptorum
593 3586 735 3646 historiae
757 3586 940 3663 Byzantinus
965 3590 1121 3666 reciperet,
1148 3590 1217 3650 libri

208 3676 246 3735 de
268 3676 418 3736 mensibus
442 3693 560 3753 quoque
583 3675 742 3734 editionem
764 3675 987 3755 redintegravit.
1027 3697 1121 3754 neque
1142 3679 1216 3738 mul-

208 3766 274 3824 tum
306 3783 342 3823 ea
372 3764 462 3824 editio
491 3763 606 3840 profuit
633 3762 831 3824 Laurentiano
863 3765 1017 3842 opusculo,
1049 3785 1114 3826 cum
1144 3768 1215 3829 satis

208 3852 362 3914 habuisset
393 3853 544 3915 Beklrerus
581 3853 669 3914 Hasii
704 3854 945 3914 commentarium
981 3858 1011 3914 et
1044 3855 1147 3932 uerba,
1182 3860 1216 3918 ut
