3074 4598
518 494 627 551 τῑεεο
645 493 822 560 QUARTUS.
847 495 1009 552 υιεοτῐυε
1207 502 1270 568 105

255 664 360 749 σμοῦς
374 657 548 746 Σιβύλλης
565 665 623 739 τῆς
640 658 804 739 Κυμαίας,
822 656 878 724 καί
896 659 1000 744 ἐζήτει
1017 661 1104 747 αύτῷ
1123 662 1244 729 δοῦναι
1256 675 1374 734 XSP'ar.

254 772 302 846 είς
324 769 504 853 τριήκοντα
527 771 685 850 χρυσοῦς·
712 771 773 827 τοῦ
796 760 834 829 (λλ
855 770 1167 853 καταφρονήσαντος
1190 767 1269 853 ἀγα-

253 877 443 957 νακτήσασα
471 870 491 953 ή
522 868 608 952 γυνή
638 869 757 932 ἔκαυσε
789 868 826 931 τὸ
858 869 896 934 ἓν
927 884 996 938 τῶν
1026 876 1180 959 βιβλίων,
1212 873 1268 942 καλ

253 976 353 1055 αὖθις
371 980 609 1064 προσελθοῦσα
626 973 722 1058 ήξίου
740 970 795 1038 καί
808 970 892 1060 ὑπὲρ
906 990 974 1044 τῶν
987 979 1191 1064 λειπομένων
1206 981 1268 1048 δύο

252 1088 330 1161 τοῦς
359 1082 539 1167 τριάκοντα
568 1081 683 1163 λαβεῖν
716 1087 873 1165 χρυσοῦς·
910 1091 971 1148 τοῦ
1001 1083 1029 1148 τί
1061 1088 1108 1152 ἔτι
1139 1091 1268 1172 μᾶλλον
1294 1116 1308 1157 τ

252 1190 357 1272 αὐτήν
379 1186 600 1272 ύπεριόόντος
626 1184 681 1252 καὶ
705 1187 742 1251 τὸ
766 1183 881 1271 ἕτερον
903 1189 1034 1256 ἔκαυσε·
1061 1195 1180 1260 λοιπὸν
1205 1189 1269 1262 οὖν

251 1290 336 1380 ὑπὲρ
359 1303 419 1359 τοῦ
444 1291 561 1379 ἑτέρου
585 1291 658 1371 ἑνὸς
680 1293 742 1376 τήν
761 1290 866 1375 αὐτὴν
884 1291 1027 1378 ἐπεζήτει
1045 1302 1151 1382 τιμήν.
1194 1320 1268 1368 στο-

192 1440 195 1448 1
250 1402 435 1487 χασολμενος
466 1395 530 1467 οὖν
558 1401 577 1467 ό
607 1400 765 1485 βασιλεὺς
794 1397 977 1481 ἀναγκαίου
1005 1401 1086 1468 αὐτὸ
1112 1401 1200 1472 εἶναι
1226 1419 1265 1496 τῇ

251 1512 403 1596 βασιλείᾳ
430 1509 591 1593 λαμβάνει
618 1507 700 1583 δοὺς
722 1507 802 1583 τοὺς
823 1508 1002 1593 τριάκοντα
1024 1521 1179 1594 χρυσοῦς·
1211 1513 1266 1579 καλ

250 1618 360 1704 εὑρὼν
383 1615 421 1681 έν
444 1615 535 1703 αύτῷ
558 1615 615 1690 τὰς
629 1612 798 1698 Ῥωμαίων
815 1613 916 1698 τύχας
934 1613 1004 1680 κατ’
1027 1614 1193 1701 ἐξαίρετον
1210 1617 1265 1685 καί
1279 1649 1307 1689 τε

249 1727 354 1808 μόνας
382 1719 662 1807 ἐγγεγραμμένας,
690 1717 849 1804 ἑξήκοντα
874 1724 1057 1807 πατρικίων
1084 1725 1266 1809 συστήματι

248 1831 310 1913 τήν
332 1830 462 1894 τούτων
484 1826 655 1915 παρέδωκε
678 1828 840 1913 φυλακήν.

196 1943 319 2000 RrIV35
342 1935 395 2000 48.
419 1936 559 2012 Νώναις
577 1937 745 2020 Μαρτίαις
766 1932 783 1999 ὁ
804 1935 947 2020 Βάρρων
965 1937 1093 2022 ὄρθρου
1115 1938 1175 2002 τὸν
1198 1937 1307 2007 στί-Χ

253 2064 364 2124 φανον
387 2040 532 2106 δύεσθαι
556 2038 643 2121 λέγει
666 2036 723 2104 καλ
745 2049 843 2104 πνεῖν
864 2041 925 2106 τὸν
946 2043 1083 2128 βορρᾶν.

195 2156 275 2211 11129
284 2156 365 2211 IV36
379 2145 431 2210 49.
455 2144 574 2223 Είόοῖς
586 2147 755 2230 Μαρτίαις
770 2143 865 2230 ἑορτή
879 2147 964 2224 Διὸς
981 2147 1036 2213 διὰ
1050 2148 1110 2231 τήν
1122 2166 1265 2234 μεσομη-
1278 2181 1305 2223 15

249 2257 328 2319 νίαν
349 2250 404 2318 καὶ
429 2248 523 2336 εὐχαὶ
547 2251 703 2335 δημόσιαι
730 2246 815 2332 ὑπὲρ
842 2260 903 2317 τοῦ
930 2253 1079 2335 ὑγιεινὸν
1105 2254 1265 2337 γενέσθαι

248 2360 308 2425 τὸν
338 2359 504 2425 ἐνιαυτόν.
552 2357 723 2443 λεροίτευον
752 2354 790 2422 δὲ
818 2355 875 2423 καὶ
905 2368 1032 2443 ταῦρον
1060 2358 1149 2444 ἑξέτη
1179 2358 1264 2447 ὑπὲρ

249 2478 317 2531 τῶν
340 2466 377 2531 έν
399 2477 471 2542 τοῖς
495 2465 610 2550 ὄρεσιν
636 2463 763 2549 ἀγρῶν,
791 2462 980 2549 ἡγουμένου
1006 2474 1065 2531 τοῦ
1087 2464 1265 2553 ἀρχιερέως

247 2569 303 2636 καλ
330 2583 398 2635 τῶν
424 2572 629 2655 κανηφόρου
655 2578 714 2654 τῆς
740 2571 886 2655 Μητρός.
931 2572 1028 2654 ήγετο
1058 2566 1094 2636 δὲ
1119 2571 1175 2638 καλ
1203 2575 1260 2638 ἄν·
1273 2590 1360 2646 ΧῩΗ

318 2781 343 2818 τ.
360 2769 394 2817 14
413 2761 504 2817 Varro
523 2760 710 2815 Wachsmuth
729 2761 764 2816 de
783 2764 834 2817 ost.
852 2780 880 2832 p.
895 2767 947 2818 296
965 2769 1056 2818 m.10

318 2945 370 2996 v.3
384 2940 415 2995 τό
430 2937 462 2997 ἓν
476 2949 532 2994 τῶν
547 2935 662 3012 βιβλίων
675 2939 792 2995 ἔκαυσεν
802 2939 872 3012 ΧΒΙ
883 2941 944 3014 καλ]
958 2935 1018 2996 εἶτα
1032 2942 1089 2998 XS
1147 2949 1165 2997 4
1179 2963 1263 3014 προσ-

246 3011 381 3082 ελθοῦσα]
400 3012 437 3074 ὡς
455 3010 544 3066 αὐτὸν
558 3009 691 3082 γενομένη
705 3009 765 3065 XS
784 3020 788 3077 Ι
810 3012 857 3065 καί
876 3011 954 3067 omis,
969 3011 1068 3068 SPar.
1086 3015 1090 3084 Ι
1111 3014 1263 3072 όπολειπο·

246 3080 375 3151 μένωνΒ
435 3083 532 3144 ῦτοῦς
546 3082 648 3144 αύτούς
660 3081 811 3150 τριάκοντα
821 3081 895 3154 XS}
912 3080 1042 3154 χρυσίους
1050 3085 1116 3139 Patr.
1177 3091 1262 3142 ῦπα-

246 3151 374 3220 ριὸόντος
384 3153 416 3207 Χ
430 3156 435 3224 Ι
450 3149 551 3208 λοιπὸν
561 3148 624 3224 οὖν]
633 3151 719 3206 πάλιν
728 3151 759 3206 δὲ
769 3152 827 3208 XS
874 3159 888 3207 7
901 3151 1007 3227 ἑτέρου]
1016 3153 1179 3223 λειπομένου
1187 3157 1259 3231 ΧιςΙ

246 3221 427 3292 ἐπιζητούσης
444 3232 495 3278 τοῦ
515 3219 629 3293 χρυσίου
652 3219 806 3291 ποσότητα,
828 3223 1034 3295 στοχασάμενον
1052 3225 1125 3290 εἰκὸς
1142 3226 1192 3281 τὸν
1210 3229 1261 3299 βα-

245 3291 331 3362 σιλέα,
350 3295 387 3356 ὡς
405 3295 550 3384 όιυοιχκαῖα
569 3296 671 3362 μᾶλλον
690 3295 804 3362 (μᾶλλον
817 3292 896 3348 omis.
911 3295 943 3364 S)
961 3293 1025 3367 έτύγ
1042 3314 1092 3351 ανε
1109 3296 1144 3351 τὰ
1158 3296 1261 3370 βιβλία,

244 3362 385 3490 συν
400 3362 992 3503 <·τια·ιῦ,···;εεοιίκιόνι·
1008 3317 1261 3496 βουκόλί

244 3505 304 3562 XS
351 3455 530 3574 17χλέρύτευε
544 3506 573 3560 Β
623 3511 655 3561 18
675 3513 725 3560 τοῦ
739 3503 977 3576 ἂρχιερέωςοταίε.
992 3508 1021 3562 Β
1070 3513 1103 3562 19
1121 3459 1209 3580 μιητρὸ
1223 3513 1258 3582 A,

244 3573 331 3646 μητρό
345 3577 396 3648 A„
414 3576 491 3631 unde
505 3574 632 3645 corrupit
644 3575 783 3647 μητρόχου
797 3577 825 3631 Β
841 3579 845 3647 λ
861 3576 892 3633 ἑν
905 3577 994 3633 τοῦτο
1007 3584 1044 3634 τό
1058 3582 1123 3649 μηνλ
1137 3591 1193 3636 τῶν
1207 3578 1259 3652 ήωι

244 3646 335 3716 μαίων
354 3647 454 3717 ἑορτὴν
472 3645 543 3715 ὑπὲρ
561 3655 611 3702 τοῦ
629 3648 754 3718 ὑγιεινὸν
779 3649 873 3711 αὐτοῖς
894 3650 944 3705 τὸν
967 3647 1096 3706 ἐνιαυτόν
1118 3648 1193 3708 εἶναι
1215 3673 1258 3709 τε·

242 3720 367 3775 λούντων
386 3717 541 3787 ἄνθρωπος
558 3719 651 3774 αὐτῶν
669 3718 762 3789 ἠγεῖτο
779 3717 1009 3790 περιβεβλημένος
1027 3731 1083 3790 e'qs.
1100 3722 1136 3777 H
1150 3722 1256 3794 11651,

244 3788 286 3845 ὅτι
310 3789 341 3844 ἐν
364 3790 452 3853 εἰδοῖς
476 3787 607 3858 μαρτλαις
628 3797 741 3859 πομπῆς
763 3789 909 3860 γινομένης
930 3790 1012 3861 ἤγετο
1035 3793 1082 3846 καλ
1105 3793 1258 3862 ἄνθρωπος

242 3858 477 3933 περιβεβλημένος
495 3863 548 3916 etc.
572 3859 602 3914 Y
