3074 4598
611 497 720 554 LIBER
737 497 892 554 manus
1211 498 1254 565 53

243 684 358 754 ’χονται
385 665 542 747 γίνεσθαι
567 661 651 745 πρὸς
678 660 738 742 τήν
764 669 823 744 τής
849 662 988 745 σελήνης
1015 661 1175 746 περίοδον
1202 660 1259 728 καὶ
1271 672 1325 727 ΗΡ

243 775 302 840 τὸν
325 769 473 855 ἀριθμὸν
495 777 554 852 τῆς
577 764 702 847 ἐκείνης
724 763 855 850 ήμερῶν
884 764 940 833 καὶ
963 763 1057 832 αὐτοὶ
1084 767 1256 851 γινόμενοι

241 873 297 942 καὶ
320 872 556 957 ἀπογινόμενον
575 868 628 935 καὶ
652 872 903 956 πληθυνόμενοι
924 871 980 938 καὶ
997 873 1198 959 μειούμενοι.
1236 872 1255 938 δ

243 978 274 1046 δ’
294 979 394 1055 αὐτὸς
418 977 583 1064 ἱστορικὸς
601 975 688 1059 λέγει
706 973 819 1042 καὶτὰ
837 989 905 1045 τῶν
922 983 1117 1047 θαλασσίων
1135 976 1256 1064 ἐχίνων

244 1084 292 1175 yid
315 1086 352 1151 τὸ
376 1084 457 1150 αὐτὸ
479 1084 627 1168 πάσχειν.
1282 1103 1295 1143 ο

189 1203 303 1270 Erilis
329 1189 380 1255 12.
403 1187 616 1275 Ἀναξιμένης
636 1189 753 1254 τοίνυν
775 1187 899 1252 κύκλον
921 1188 982 1271 τήν
1005 1195 1147 1276 σελήνην
1170 1185 1256 1257 εἶναι
1269 1202 1296 1257 X

241 1297 397 1382 βούλεται
421 1296 816 1364 έννεακαιδεκαπλασιόνα
837 1303 895 1376 τῆς
918 1303 993 1379 γῆς,
1019 1300 1127 1383 πλήρη
1150 1299 1256 1384 πυρὸς
1324 1313 1326 1318 “

243 1407 352 1492 ὥσπερ
366 1405 467 1492 <τδν>
485 1414 547 1472 τοῦ
564 1404 671 1489 ήλίου,
694 1402 888 1487 Ξενοφάνης
911 1397 948 1467 δὲ
969 1400 1070 1487 νέφος
1092 1399 1178 1470 εἶναι
1200 1427 1256 1471 πε-

241 1511 451 1598 πυρωμένον,
468 1514 501 1580 ολ
516 1508 660 1578 Στωικοὶ
673 1510 792 1594 μικτήν
803 1509 909 1594 πυρὸς
922 1505 976 1572 καὶ
991 1507 1096 1595 ἀέρος,
1110 1512 1256 1577 Πλάτων

243 1618 278 1685 έκ
300 1623 455 1697 πλείονος
477 1629 538 1686 τοῦ
560 1616 747 1705 πυρώδους,
765 1613 987 1702 Ἀναξαγόρας
1008 1613 1063 1681 καὶ
1085 1619 1255 1703 Δημόκρι-
1268 1633 1317 1680 ιο·

241 1751 298 1804 τος
321 1725 487 1813 στερέωμα
511 1726 685 1812 διάπυρον,
708 1726 786 1809 ἔχον
808 1722 846 1789 έν
868 1721 973 1813 ἑαυτῷ
995 1724 1092 1790 πεδία
1114 1722 1170 1788 καὶ
1193 1725 1255 1810 ὄρη

241 1831 297 1898 καὶ
317 1835 501 1919 φάραγγας,
521 1831 732 1918 Ἡράκλειτος
749 1839 814 1915 γῆν
832 1831 949 1918 ὁμίχλη
967 1828 1255 1918 περιειλημμένην,

242 1941 450 2023 Πυθαγόρας
472 1962 510 2022 γε
533 1939 599 2024 μήν
620 1934 795 2022 πυροειδὲς
814 1949 914 2022 σῶμα.
950 1936 1026 2024 περὶ
1045 1934 1082 2005 δὲ
1099 1946 1161 2003 τοῦ
1179 1934 1251 2003 κατ’
1342 1970 1344 1974 >

241 2045 346 2127 αὐτὴν
378 2045 488 2129 φωτὸς
524 2043 678 2128 έροῦμεν,
713 2044 757 2119 ὡς
784 2042 1041 2129 Ἀναξίμανδρος
1071 2040 1133 2129 μέν
1165 2045 1255 2110 ίδιον

241 2151 347 2235 αὐτὴν
370 2160 442 2234 φῶς
464 2151 553 2233 ἔχειν
579 2149 749 2233 βούλεται,
777 2148 972 2235 ἀραιότερον
1000 2148 1040 2215 δέ
1062 2172 1146 2233 πως,
1174 2149 1193 2215 δ
1217 2145 1317 2214 δέω·

234 2256 404 2342 Ἀντιφῶν
432 2258 507 2345 ῑδίφ
530 2251 592 2341 μὲν
614 2254 729 2340 φέγγει
753 2255 893 2339 λάμπειν
916 2264 976 2338 τήν
999 2258 1141 2339 σελήνην
1164 2257 1257 2340 φησί,
1270 2267 1320 2322 XS

240 2365 278 2430 τὸ
302 2359 340 2428 δὲ
363 2362 659 2450 ἀποκρυπτόμενον
679 2359 756 2448 περὶ
779 2360 883 2445 αὐτήν
904 2361 969 2426 ὑπὸ
993 2371 1049 2445 τῆς
1066 2363 1256 2447 προσβολῆς
1291 2424 1294 2430 .

240 2480 301 2535 τοῦ
329 2469 427 2553 ήλίου
450 2469 700 2554 ἀμαυροῦσθαι,
732 2470 919 2552 πεφυκότος
950 2477 1010 2533 τοῦ
1038 2466 1255 2553 ἰσχυροτέρου

239 2575 351 2660 φωτὸς
373 2575 410 2640 τὸ
433 2573 676 2660 ἀσθενέστερον
697 2573 880 2659 ἀμαυροῦν,
903 2573 921 2639 ὃ
945 2575 987 2658 δή
1006 2571 1254 2659 συμβαίνεικαὶ

313 2785 338 2822 v.
354 2774 370 2823 6
388 2767 588 2840 Anaximenes]
611 2766 696 2821 immo
714 2766 923 2822 Anaximander
939 2764 1017 2821 Diels
1035 2765 1103 2822 Dox.
1120 2764 1255 2822 61356·

242 2839 308 2893 adu.
400 2844 415 2893 8
434 2840 620 2920 Xenophanes
638 2837 706 2893 ibid.
725 2858 753 2910 p.
768 2844 839 2894 356⁸
857 2838 920 2892 adn.
935 2844 952 2892 4
1041 2844 1057 2892 9
1076 2837 1164 2893 Stoici
1182 2837 1254 2894 ibid.

244 2910 308 2965 adn.
324 2916 340 2964 5
356 2910 361 2984 Ι
377 2909 460 2965 Plato
478 2909 548 2965 ibrd.
565 2909 628 2964 adn.
644 2916 660 2965 6
733 2915 766 2965 10
784 2911 975 2981 Anaxagoras,
993 2908 1168 2965 Democritus
1182 2908 1253 2964 ibid.
1342 2967 1344 2972 ,

243 2981 308 3036 adn.
324 2987 340 3035 9
428 2988 461 3036 12
479 2979 640 3035 Heraclitus
658 2979 728 3036 ibid.
743 2981 806 3036 adn.
823 2987 856 3035 13
937 2986 969 3034 13
988 2980 1164 3052 Pythagoras
1182 2980 1252 3036 ibid.

241 3070 269 3122 p.
292 3058 360 3106 357²
385 3050 449 3107 adn.
472 3059 506 3107 14
614 3057 648 3105 14
670 3051 877 3107 Anaximander
902 3050 972 3106 ibid.
996 3071 1024 3123 p.
1045 3057 1120 3106 358·
1152 3052 1216 3107 adn.
1236 3058 1251 3106 1

241 3129 274 3176 16
294 3121 420 3193 Antipho
438 3122 508 3179 ibid.
528 3123 625 3178 adad
978 3152 980 3156 ·

312 3302 380 3363 §12
399 3297 430 3350 in
449 3298 509 3354 cod.
528 3299 591 3352 Par.
611 3296 699 3369 suppl.
719 3298 867 3369 gadomi
886 3300 931 3370 (=
945 3297 991 3368 R),
1009 3298 1028 3353 f.
1048 3303 1102 3352 δί’
1119 3296 1163 3352 iba
1180 3297 1251 3368 legi-

238 3370 298 3424 tur:
322 3369 392 3438 φασί
410 3369 462 3439 τήν
481 3369 599 3439 σελήνην
621 3369 732 3438 μείζονα
751 3364 823 3424 εἶναι
846 3377 895 3439 τῆς
912 3377 963 3441 γῆς
981 3368 1251 3432 ἐννεακαιδεκαπλα-

240 3437 637 3581 aa
651 3438 907 3581 ιιιιααη
925 3438 1251 3582 sursus

238 3530 479 3650 δάίάιτιισμυρίαις·
502 3584 534 3638 τὸ
553 3580 585 3637 δὲ
608 3532 779 3651 φάινόμενον
797 3583 882 3652 αὐτῆς
900 3532 993 3652 {isari
1011 3579 1027 3637 ό
1044 3531 1118 3644 grase
1135 3531 1250 3638 καλοῦσι

238 3649 399 3721 πρόσωπον,
419 3652 503 3708 οὐδὲν
526 3653 592 3708 ἀλλο
615 3653 688 3708 ἐστὶν
706 3650 723 3722 ἢ
742 3650 906 3724 μεμιγμένος
928 3650 995 3721 ἀήρ,
1019 3651 1050 3716 ὃς
1066 3652 1149 3722 φύσει
1167 3651 1251 3723 μέλας

239 3720 323 3792 ἐστίν,
343 3721 375 3786 δς
392 3722 473 3794 ἀχρις
491 3725 577 3795 αδτής
595 3721 719 3779 τείνεται.
793 3731 809 3779 8
827 3724 864 3786 ὡς
882 3723 928 3778 ἐπὶ
942 3724 978 3791 Β,
997 3723 1086 3792 ὥσπερ
1100 3725 1136 3792 Δ,
1156 3725 1248 3798 <τδν>

239 3794 304 3850 add.
318 3793 431 3848 Bekker
520 3803 554 3886 16
574 3792 616 3850 ὅτι
639 3794 653 3849 δ
677 3793 803 3921 ἀντρφῶν
816 3826 850 3836 -
863 3812 890 3864 p.
906 3800 978 3864 54‚1
999 3794 1085 3863 ἄστρα
1105 3795 1128 3851 S
1150 3798 1155 3864 Ι
1180 3793 1249 3866 φησί

239 3882 292 3919 om.
308 3865 341 3919 X
411 3872 444 3920 19
464 3886 556 3937 φωτος
574 3867 612 3935 Χ,
630 3865 717 3933 πυρὸς
770 3867 982 3937 Ιάμαυροῦντος
999 3866 1031 3921 X
