3074 4598
245 480 311 536 XIV
650 475 856 534 PRAEFATIO

243 647 364 709 videtur
386 652 508 709 auctore
531 643 720 718 intermedio,
746 643 791 704 ita
813 648 848 704 ut
869 646 1025 724 neglegere
1048 667 1101 708 eas·
1119 650 1197 710 hanc
1219 645 1256 709 ob

245 755 368 798 causam
388 740 491 799 nostro
512 734 577 794 iure
599 733 754 809 possimus.
794 735 896 791 tamen
917 734 950 793 id
971 753 1026 794 nos
1047 740 1147 798 tenere
1171 755 1257 816 opor·

243 828 305 901 tet,
342 827 423 904 quod
459 844 494 884 ex
524 821 614 882 huius
650 820 756 897 capitis
789 821 1001 897 compositione
1036 825 1147 887 discere
1177 827 1258 901 lieet,

244 935 306 977 non
332 934 392 976 uno
419 915 539 973 tantiam
565 912 684 969 auctore
712 908 884 968 contentum
914 911 1005 971 fixisse
1032 912 1064 972 in
1091 914 1257 993 colligenda

245 1004 372 1064 materia
394 999 550 1060 librarium
572 1001 714 1074 nostrum,
736 996 827 1057 immo
849 997 950 1074 plures
971 1000 1119 1062 interdum
1142 1003 1257 1065 abillo

245 1091 396 1152 adhibitos
419 1108 491 1164 esse,
513 1092 550 1148 ut
571 1107 663 1146 unum
682 1085 881 1163 compleretur
898 1089 1033 1165 opusculi
1051 1095 1148 1167 caput.
1183 1092 1263 1153 haec

244 1180 298 1241 ubi
318 1178 502 1254 monuimus,
528 1178 657 1255 primum
684 1194 802 1252 quoque
828 1174 1020 1252 inspiciamus
1044 1183 1146 1256 caput,
1173 1182 1257 1242 cuius

246 1287 323 1346 quae
354 1269 502 1346 leguntur
525 1265 605 1344 apud
631 1264 771 1323 Tranium
799 1259 840 1341 (p.
864 1266 1051 1340 3,1-9,13
1083 1268 1162 1354 λύμῃ
1188 1267 1257 1349 τὴν)

244 1357 359 1418 tradita
391 1359 461 1417 sunt
489 1356 581 1416 etiam
610 1354 643 1414 in
673 1352 825 1430 Lipsiensi'
857 1354 956 1415 codice
992 1355 1134 1432 quodam,
1169 1379 1259 1436 quem

245 1446 359 1524 primus
389 1445 484 1506 edidit
510 1442 744 1505 lischendorfius
773 1443 806 1502 in
827 1442 988 1503 Aneodotis
1015 1444 1106 1504 sacris
1133 1449 1164 1506 et
1189 1468 1257 1524 pro·

245 1535 334 1612 tanis,
356 1535 477 1612 Lipsiae
498 1535 582 1594 1855
603 1525 662 1615 (ed.
681 1532 732 1591 alt
750 1524 851 1612 1861)
868 1551 897 1609 p.
913 1533 968 1593 68:
991 1551 1050 1610 quo
1072 1532 1258 1611 factumest,

246 1627 281 1684 ut
302 1625 404 1701 plures
433 1623 495 1682 iam
524 1620 715 1682 disseruerint
744 1619 781 1680 de
810 1619 856 1681 his
887 1621 1062 1699 fragmentis
1084 1621 1143 1681 viri
1168 1623 1257 1684 docti

246 1715 337 1789 atque
368 1710 605 1772 lischendorfius
634 1710 698 1786 ipse
734 1708 835 1771 omnia
862 1709 917 1769 illa
945 1710 1055 1770 referre
1087 1711 1184 1772 voluit
1219 1710 1261 1771 ad

245 1800 368 1862 Ioannis
390 1798 470 1876 Lydi
490 1797 582 1860 libros
605 1797 744 1874 diversos,
768 1817 858 1876 quarn
881 1798 1059 1859 sententiam
1080 1820 1140 1862 non
1162 1801 1259 1861 solum

246 1887 445 1965 probabilem,
473 1886 524 1946 sed
551 1905 644 1965 paene
666 1886 864 1947 necessariam
890 1906 952 1948 esse
979 1888 1055 1949 dixit
1075 1888 1109 1949 L.
1132 1889 1259 1967 Traube,

246 1976 340 2036 Varia
362 1976 526 2036 libamenta
549 1975 651 2036 critica
667 1997 697 2054 p.
717 1978 768 2053 28,
794 1976 985 2056 impugnavit
1006 1978 1075 2038 [Ρ.
1091 1979 1262 2040 Schultzins

247 2064 462 2136 Quaestionum
483 2064 686 2142 Lydianarum
707 2067 857 2146 particula
878 2067 976 2145 priore
999 2088 1027 2146 p.
1052 2070 1081 2129 5.
1113 2066 1162 2128 hie
1180 2069 1261 2130 enim

245 2154 422 2232 fragmentis
445 2153 710 2216 lischendorfinnis
740 2156 815 2217 alios
845 2156 973 2217 aliorum·
1000 2161 1154 2219 auctorum
1175 2159 1257 2219 locos

247 2244 396 2304 admixtos
410 2261 473 2303 esse
487 2243 656 2321 suspicatus
675 2249 728 2305 est
760 2248 791 2305 et
804 2265 859 2324 ego
873 2244 991 2322 quidem
1005 2246 1100 2325 magis
1116 2245 1259 2307 Schultnii

247 2331 382 2409 opinioni
403 2332 518 2394 accedo.
561 2352 632 2392 nam
652 2333 781 2395 sinobis
799 2334 976 2412 proponitur
994 2335 1137 2412 quaestio,
1157 2339 1260 2395 utrum

247 2420 348 2481 omnia
374 2421 449 2481 haec
475 2421 644 2499 fragmenta
669 2423 708 2482 ad
734 2421 844 2482 librum
870 2422 906 2481 de
932 2421 1083 2484 mensibus
1109 2423 1259 2501 pert‘mere

245 2513 386 2588 putemus
403 2528 504 2580 necne,
525 2528 573 2571 res
591 2509 676 2571 nobis
693 2512 810 2589 agenda
829 2515 875 2572 est
892 2511 1067 2572 difficillima
1085 2512 1260 2585 diiudicata,

246 2599 390 2678 quoniam
412 2600 508 2659 altera
531 2619 566 2658 ex
588 2604 673 2676 parte
696 2600 770 2661 adeo
792 2601 878 2661 varia
900 2603 945 2661 est
967 2600 1092 2661 materia
1113 2601 1260 2663 librorum

246 2687 463 2766 Lydianorum,
499 2691 534 2748 ut
564 2688 633 2748 inde
664 2688 690 2748 si
719 2689 892 2749 concludere
923 2690 1081 2766 vellemus,
1119 2710 1151 2750 re
1187 2708 1261 2751 vera

248 2777 350 2839 omnia
381 2778 455 2837 haec
490 2778 659 2856 fragmenta
693 2777 756 2837 illis
788 2778 949 2838 attribuere
980 2797 1131 2856 possemus
1163 2798 1260 2857 nequa

247 2868 345 2927 ullum
364 2871 443 2927 esset
456 2866 538 2942 quod
549 2866 750 2945 refragaretrr
768 2866 894 2926 aliorum
911 2870 1078 2942 temporum
1096 2867 1260 2928 aliorumve

248 2957 405 3017 auctorum
426 2955 580 3029 indicium,
609 2955 659 3014 sed
686 2955 782 3014 altera
809 2974 844 3013 ex
870 2958 957 3030 parte
983 2953 1071 3015 modo
1094 2954 1259 3030 didicimus,

248 3045 316 3106 aliis
338 3044 413 3105 locis
439 3042 540 3122 plures
566 3062 627 3103 uno
653 3047 787 3103 auctores
818 3043 978 3120 exscriptos
1008 3061 1070 3102 esse
1093 3062 1112 3102 a
1133 3042 1258 3105 librario

247 3133 357 3194 codicis
374 3133 415 3192 R:
438 3151 530 3211 quare
553 3151 644 3210 quam
665 3131 851 3193 cautissimos
872 3150 926 3192 nos
949 3149 1012 3192 esse
1031 3130 1134 3190 debere
1153 3151 1258 3193 censeo

246 3223 279 3282 in
292 3223 414 3282 illarum
426 3221 621 3299 reliquiarum
634 3221 849 3281 distributione.
883 3220 1073 3298 quamobrem
1085 3239 1145 3281 non
1159 3220 1260 3280 omnia

246 3312 336 3371 huius
354 3311 462 3388 capitis
479 3311 648 3389 fragmenta
665 3309 697 3368 in
716 3309 876 3370 editionem
888 3307 996 3386 recepi,
1017 3308 1070 3368 sed
1081 3309 1141 3368 tria
1155 3328 1258 3370 eorum

248 3419 357 3479 genera
381 3398 591 3479 distinguenda
614 3417 676 3459 esse
699 3397 770 3457 duxi
792 3398 878 3457 haec:

314 3487 337 3547 L
360 3488 456 3563 locos,
483 3507 609 3565 quorum
631 3487 750 3548 omnino
777 3505 832 3546 nec
853 3487 922 3547 vola
948 3505 1002 3547 nec
1024 3485 1182 3564 vestigium
1204 3504 1258 3564 ap·

247 3579 336 3655 paret
366 3577 397 3636 in
424 3576 561 3653 Lydiano
592 3576 668 3636 libro
700 3575 736 3634 de
768 3576 930 3651 mensibus,
961 3594 1092 3653 quosque
1125 3594 1190 3635 eam
1222 3574 1260 3635 ob

248 3684 369 3726 cansam
392 3686 428 3726 ex
453 3666 507 3727 illo
534 3664 723 3742 depromptos
750 3682 813 3724 csse
840 3664 922 3725 nullo
949 3664 1036 3726 modo
1062 3662 1262 3726 demonstrari

247 3758 356 3833 potest.
402 3758 472 3814 sunt
503 3756 603 3814 autem
633 3753 677 3812 hi:
719 3752 797 3812 Treu
823 3773 852 3830 p,
881 3754 952 3828 3,1
986 3751 1052 3835 περὶ
1079 3745 1260 3832 Ἀδιαβηνῆς

249 3837 340 3925 (libro
372 3843 409 3902 de
441 3842 565 3904 acbatis
594 3841 700 3901 tribuit
721 3840 837 3901 lbaube
863 3842 883 3901 l
906 3835 954 3923 u).
981 3872 1018 3885 -
1048 3862 1076 3920 p.
1101 3843 1164 3916 5,1
1194 3838 1262 3920 περὶ
