3074 4598
500 533 611 589 LIBER
630 532 805 599 QUARTUS.
832 535 993 593 mnus
1205 537 1249 604 95

237 697 259 782 ἡ
295 701 443 782 μεσιτεία
478 708 548 762 τῶν
578 692 733 776 ἀνωτέρω
763 697 1064 783 μνημονευθέντυν
1094 697 1283 785 ἀριθμῶνθ

237 807 347 879 καλῶς
369 804 451 888 μετὰ
472 813 542 867 τῶν
564 802 688 887 φώτων
710 797 780 866 ἑνοί
799 800 856 867 καὶ
878 808 1044 873 συνάπτει.
1090 806 1189 882 ἀλλος
1211 802 1249 872 δὲ

240 908 303 985 οὐδ
305 904 353 984 είς
371 908 520 995 ἀρνθμοῦ
539 907 724 990 σύνδεσμος
737 911 928 991 συμβιβοίζει
941 914 1021 998 μετὰ
1034 923 1103 978 τῶν
1116 911 1250 998 φώτων·

238 1015 365 1081 οὐκοῦν
392 1015 425 1080 ολ
451 1010 514 1098 μὲν
540 1021 599 1095 τῆς
621 1010 819 1098 Ἀφροδίτης
845 1011 900 1078 καὶ
926 1027 986 1084 τοῦ
1008 1020 1092 1097 Διὸς
1116 1016 1250 1102 ἀστέρες

238 1122 297 1187 διὰ
319 1120 449 1186 τούτων
470 1129 538 1184 τῶν
565 1117 723 1204 ἀριθμῶν
745 1115 884 1206 ἑκατέρῳ
906 1132 974 1187 τῶν
999 1126 1122 1210 φώτων
1148 1125 1249 1192 συνά-
1275 1149 1289 1193 ³

237 1249 387 1310 ττονται,
410 1223 481 1291 ἀλλ’
502 1224 521 1292 δ
540 1222 603 1312 μὲν
619 1235 681 1292 τοῦ
699 1226 782 1301 Διὸς
798 1232 845 1312 τςῖ
862 1222 945 1314 ἡλίῳ
967 1229 1023 1294 διὰ
1041 1232 1185 1316 πάντων,
1207 1241 1247 1319 τη

237 1329 276 1398 δὲ
290 1334 411 1418 σελήνη
425 1332 482 1399 διὰ
494 1335 672 1417 πλειόνων,
690 1332 708 1398 ὁ
727 1327 764 1396 δὲ
777 1338 835 1415 τῆς
847 1327 1045 1417 Ἀφροδίτης
1063 1345 1102 1421 τῇ
1121 1334 1182 1422 μέν
1196 1359 1248 1405 σε-

236 1439 322 1525 λήνῃ
346 1439 403 1506 διδ
425 1439 576 1524 πάντων,
598 1447 646 1529 τῷ
668 1436 697 1504 δ’
714 1436 795 1525 ἡλίῳ
815 1437 872 1502 διὰ
892 1440 1058 1505 πλειόνων
1076 1440 1251 1525 ἁρμόζεται.

235 1544 401 1632 ἀριθμῶν.
437 1545 598 1614 ἐντεῦθεν
616 1547 646 1612 εί
664 1540 775 1609 καὶτὰ
793 1545 933 1630 μάλιστα
951 1544 1080 1612 τούτων
1093 1543 1248 1633 ἑκάτερον

235 1651 460 1738 ἀγαθοποιόν,
488 1652 506 1719 ὁ
530 1661 591 1720 τοῦ
613 1653 700 1729 Διὸς
725 1649 813 1736 ὅμως
834 1649 936 1738 ἀστὴρ
961 1653 1025 1719 σὺν
1048 1651 1132 1742 ἡλίῳ
1155 1658 1247 1720 λνσι-
1260 1660 1289 1726 1'0

235 1758 425 1847 τελέστερός
446 1758 527 1843 ἐστι,
549 1756 605 1824 καί
628 1757 647 1823 ὁ
670 1765 728 1841 τῆς
744 1755 941 1845 Ἀφροδίτης
962 1760 1027 1825 σὺν
1049 1769 1089 1847 τῇ
1113 1762 1248 1848 σελήνῃ·

235 1867 269 1931 ολ
287 1862 326 1931 δὲ
343 1875 405 1932 τοῦ
422 1865 561 1950 Κρόνου
578 1861 635 1929 καὶ
648 1861 765 1949 Ἀρεος
782 1862 914 1949 ἀστέρες
932 1865 1036 1944 οὕτως
1055 1866 1116 1932 οὐκ
1134 1870 1248 1952 έχουσι

235 1970 320 2056 πρὸς
359 1972 399 2034 τὰ
437 1980 532 2054 φῶτα
571 1968 752 2054 σύμβασιν,
791 1971 836 2046 ὥς
873 1993 940 2035 τινι
979 1971 1092 2056 μέντοι
1128 1973 1247 2062 ἐσχάτῃ

235 2076 392 2161 ἀρνθμῶν
424 2073 564 2159 ἐμφάσει
595 2074 657 2138 τὸν
687 2068 748 2158 μὲν
777 2076 914 2156 Κρόνον
947 2077 1029 2163 πρὸς
1060 2079 1119 2144 τὸν
1150 2080 1247 2163 ἣλιον

234 2181 382 2268 ἀφορᾶν,
414 2182 473 2247 τὸν
506 2175 543 2246 δὲ
567 2177 673 2265 Ἀρην
704 2181 785 2265 πρὸς
816 2180 878 2264 τὴν
908 2186 1057 2267 σελήνην.
1101 2183 1157 2249 καί
1188 2187 1289 2258 διάιε,

234 2296 339 2353 ταῦτα
360 2283 460 2372 ἦττον
481 2286 645 2372 ὠφέλιμοι
668 2295 707 2372 τῇ
729 2283 925 2374 ἀνθρωπίνῃ
949 2289 1085 2356 δοκοῦσι
1108 2293 1185 2377 ξυνῇ·
1212 2296 1249 2356 τί

233 2392 272 2460 δέ
294 2395 417 2477 δήποτε
443 2392 499 2459 καὶ
522 2391 619 2460 αὐτοὶ
647 2389 720 2458 ἐσθ’
741 2391 796 2458 ὅτε
822 2390 878 2458 καὶ
903 2397 1049 2460 πλοῦτον
1075 2393 1131 2461 καὶ
1152 2420 1244 2480 περι

233 2501 378 2586 φάνειαν
399 2511 468 2577 τοῖς
495 2500 691 2587 ἀνθρώποις
716 2497 871 2584 παρέχειν
896 2500 1121 2586 πιστεύονται,
1149 2501 1244 2590 ἑτέρᾳ

233 2615 334 2673 τοῦτο
358 2606 499 2687 ἐξετάσει
521 2607 690 2691 προσήκει.
734 2604 752 2670 ὅ
778 2628 816 2688 νε
843 2605 908 2689 μὴν
930 2611 1103 2685 Πλυτῖνος
1130 2607 1167 2674 ἐν
1192 2613 1244 2695 βι-
1280 2665 1284 2674 .

233 2716 317 2801 βλίῳ
345 2721 391 2802 τῷ
421 2709 675 2799 ἐπιγραφομένῳ
706 2709 808 2789 ’ὅπως
836 2722 926 2778 ποιεί
953 2715 993 2778 τὰ
1018 2715 1139 2801 ἀστρα’
1165 2715 1242 2801 περὶ
1255 2743 1283 2784 εν

234 2818 357 2886 τούτου
379 2817 650 2904 ἀποφαινόμενος
672 2835 763 2903 φησι,
787 2815 891 2904 μηδὲν
912 2818 933 2904 ἢ
956 2821 1095 2906 δυνάμει
1111 2820 1133 2906 ἦ
1152 2821 1243 2902 ἐξου-

232 2930 290 3013 σίᾳ
312 2927 442 2992 τούτων
467 2935 539 3002 τοίς
565 2922 759 3010 ἀνθρώποις
785 2928 994 3012 συμβαίνειν,
1022 2925 1093 2994 ἀλλ’
1115 2928 1242 3015 ἀκερὴ

232 3041 290 3117 τῆς
312 3034 410 3109 θείας
432 3032 625 3117 οἰκονομίας
647 3030 771 3115 ἀνάγκη
792 3029 939 3110 ἑκάστοις
957 3033 1131 3119 ἐκύρωσεν,
1155 3034 1242 3101 οὕτω

232 3138 290 3203 διὰ
313 3147 374 3203 τοῦ
397 3148 464 3202 τῶν
491 3135 573 3202 ἑπτὰ
599 3137 728 3202 τούτων
752 3138 984 3223 προποδισμοῦ
1011 3139 1031 3223 ἢ
1059 3150 1242 3227 στηριγμοῦ

231 3242 252 3327 ἢ
283 3243 518 3326 ὑποποδισμοῦ
550 3243 762 3326 δείκνυσθαι,
794 3244 902 3328 ὥσπερ
935 3242 989 3309 καί
1021 3243 1135 3311 οἰωνοί
1166 3249 1240 3330 ἤτοι
1253 3273 1280 3316 τε

231 3349 469 3434 περιπτάμενοι
486 3346 507 3431 ἢ
526 3347 745 3433 ἀτρεμοῦντες
762 3348 802 3413 τὰ
819 3346 980 3433 μέλλοντα
997 3361 1068 3428 ταῖς
1084 3349 1241 3436 πτέρυξιν

231 3454 252 3539 ἢ
275 3465 347 3530 ταῖς
370 3464 499 3540 φωναῖς
517 3456 739 3540 σημαίνουσιν
756 3455 887 3531 εἰδότες.
930 3466 990 3522 τοῦ
1008 3460 1186 3522 Πλυτίνον
1204 3457 1241 3524 ἐκ

301 3628 326 3665 v.
343 3617 376 3666 19
396 3611 430 3667 cf.
448 3610 552 3668 Plotin.
570 3609 642 3666 Enn.
656 3610 691 3680 Π,
710 3615 726 3664 3
748 3612 877 3679 περὶτοῦ
896 3611 922 3664 εί
938 3621 1014 3666 ποιεῖ
1029 3612 1065 3666 τὰ
1083 3612 1170 3683 ἄστρα
1188 3621 1238 3682 §3

231 3684 301 3736 extr.
373 3682 706 3753 27P10t.Enn.11,3‚8

300 3841 326 3878 v.
342 3829 358 3877 9
377 3820 459 3878 ἕκατί
498 3844 515 3879 ν
533 3823 566 3895 S,
590 3841 658 3879 corr.
679 3822 821 3878 &moll
894 3829 926 3878 13
944 3822 1038 3894 μέντοι
1055 3822 1073 3894 ἦ
1092 3825 1191 3897 ἐσχάτη
1208 3827 1238 3898 θ’,

228 3891 321 3964 idel.
340 3893 392 3951 (λιι.
410 3893 468 3949 Κιο
