3074 4598
242 468 307 532 114
343 518 346 523 «
512 466 621 522 LIBER
640 465 815 532 QUARTUS.
843 467 982 523 APRILIS

199 641 226 696 X
309 633 359 699 61.
375 631 410 697 ‘0
422 635 589 707 Φίλιτιτος
602 630 745 697 δύεσθαι
759 641 798 720 τη
811 633 875 718 πρὸ
890 629 1324 700 έννίαΚαλενδῶνΒεΝιε

235 736 416 826 Ἀντριλίων
438 739 497 814 τὰς
519 736 625 813 ὑάδας
647 739 727 821 μετὰ
749 742 861 823 νότου,
891 739 1038 824 ἀνίσχειν
1060 733 1098 802 δὲ
1122 737 1211 823 λέγει
1241 738 1262 805 6

244 847 483 932 Μητρόδωρος.
519 851 559 928 τίχ
577 843 641 928 πρὸ
662 843 745 912 ὀκτὼ
764 846 946 913 Καλενδων
964 847 1114 931 λσημερία
1133 844 1269 932 έαρινή.

200 962 227 1016 Y
312 952 364 1016 62
379 949 449 1015 Ὅτι
464 953 564 1027 ψαλίς
579 948 671 1016 έστιν
684 953 860 1037 οἰκοδομῆς
878 948 966 1031 εἶδος
979 952 1221 1038 ἡμικυλίνδρου
1231 963 1319 1020 ΠΙσσ

220 1059 285 1124 ττὸ
306 1068 416 1143 σχῆμα
439 1055 586 1142 ἐχούσης.

312 1165 364 1230 63.
380 1161 450 1229 Οτι
474 1162 494 1247 ἡ
514 1168 675 1250 Δημήτηρ
698 1163 823 1240 πόλεως
846 1162 915 1229 ἐστι
937 1167 1132 1252 καταρκτικὴ
1153 1163 1261 1232 ολονεὶ.
1282 1184 1320 1234 34

244 1268 265 1353 ἡ
289 1278 345 1353 γῇ·
369 1270 452 1336 ὅθεν
474 1269 530 1335 καλ
553 1273 772 1356 κυργοφόρον
790 1268 894 1351 αὐτην
912 1271 1086 1355 γράφουσι.
1129 1271 1269 1357 λέγεται

247 1373 284 1442 δὲ
306 1375 362 1443 καλ
384 1377 520 1462 Κυβέλη
544 1375 607 1442 άτιὸ
631 1385 692 1442 τοῦ
719 1379 859 1461 κυβικοῦ
886 1377 1047 1461 σχήματος
1073 1380 1156 1444 κατὰ
1172 1404 1261 1466 yem-

246 1488 384 1572 μετρίαν
406 1483 426 1568 ἡ
451 1494 504 1569 μη,
528 1484 585 1548 διά
606 1483 643 1547 τὸ
666 1484 810 1568 βάσιμόν
832 1505 867 1547 τε
886 1479 941 1548 καὶ
961 1484 1132 1567 στάσιμον·
1155 1486 1184 1550 εἰ
1203 1484 1259 1552 καὶ
1314 1511 1318 1515 ’

206 1617 233 1657 ιο
247 1593 429 1678 σφαιρικὴν
451 1591 484 1655 ολ
508 1585 653 1653 Στωϊκοὶ
675 1589 799 1672 ταύτην
821 1587 994 1672 ὁρίζονται.

204 1817 230 1872 Χ
663 1808 845 1889 'nethop-

191 1953 241 2010 XS
311 1943 362 2008 64.
387 1939 453 2010 Τοῦ
467 1944 602 2030 πρώτου
616 1947 730 2029 μηνός,
750 1946 794 2023 ὡς
808 1943 973 2031 ἐλέγομεν,
990 1947 1071 2012 κατά
1088 1947 1151 2032 τὴν
1164 1955 1222 2031 τῆς
1231 1952 1317 2015 IV44

246 2051 392 2135 μονάδος
415 2050 532 2136 ε’ξοχην
554 2043 626 2128 ταῖς
641 2036 757 2135 τιμαῖς
784 2063 850 2117 τῶν
872 2064 1002 2138 νοητῶν
1028 2052 1261 2138 ἀνατεθέντος,

247 2159 381 2235 εἰκότως
399 2156 417 2223 6
436 2155 504 2242 μετ’
523 2155 627 2223 αὐτὸν
644 2156 815 2223 τουτέστιν
832 2156 850 2224 6
870 2158 1032 2244 δεύτερος,
1056 2158 1096 2224 δν
1115 2164 1262 2245 πατρίως

206 2267 394 2350 ιεῬωμαῑοι
420 2264 653 2350 Φεβρουάριον
678 2269 831 2346 καλοῦσι,
859 2266 942 2329 κατά
969 2266 1006 2330 τὸ
1034 2267 1172 2351 άκειρον
1198 2275 1261 2332 τοῦ

247 2371 396 2457 ἀριθμοῦ
424 2370 603 2436 Πλούτωνι
632 2367 687 2434 καὶ
717 2381 786 2448 τοῖς
812 2375 1044 2455 καταχθονίοις
1071 2370 1260 2456 άφωρίσθη.

206 2472 359 2562 ΧἈίδην
389 2474 425 2543 δὲ
455 2476 559 2542 αὐτὸν
586 2482 759 2543 καλοῦσιν·
790 2475 811 2560 ἡ
841 2477 904 2562 μὰρ
932 2478 1013 2555 δυάς
1040 2480 1084 2555 ὡς
1112 2479 1261 2556 άνείδεος
1317 2460 1322 2467 ’

248 2582 303 2650 καὶ
327 2584 481 2670 άοριστός
505 2582 608 2667 ἐστιν,
638 2583 721 2649 ὅθεν
750 2583 847 2660 αὐτὸς
870 2595 937 2678 τῶν
959 2584 1080 2651 άειδῶν
1101 2584 1158 2651 κοιλ
1179 2585 1261 2652 άπά-

158 2742 160 2747 .
250 2707 367 2755 στασιν
394 2689 457 2755 άπὸ
485 2700 554 2770 τῶν
569 2692 680 2777 θείων
708 2689 892 2774 ἐσχηκότων
919 2693 1075 2775 βασιλεὺς
1098 2688 1183 2758 εἶναι
1207 2691 1260 2757 λε’-

209 2821 236 2861 ιο
249 2817 351 2878 νεται.
387 2795 499 2879 ὀρθῶς
519 2789 581 2859 οὗν
599 2793 616 2860 6
638 2797 802 2870 Φιλόλαος
821 2796 1007 2876 τὴνδυάδα
1024 2800 1161 2883 Κρόνου
1180 2798 1259 2862 σάνὲ

250 2924 352 2966 ευνον
381 2896 465 2966 εἶναι
494 2899 596 2983 λέγει,
629 2899 669 2964 ὃν
695 2889 777 2965 κατά
808 2900 844 2965 τὸ
871 2898 1038 2987 προφανὲς
1064 2906 1188 2987 χρόνον
1216 2905 1259 2968 άν

249 3031 300 3083 τις
332 3012 428 3081 εἴποι.
475 3007 674 3072 συνάπτεται
707 3002 743 3072 δέ
769 3013 816 3092 τῷ
842 3010 950 3095 χρόνῳ
978 3007 998 3092 ἡ
1022 3009 1103 3086 δυάς
1130 3010 1174 3086 ὡς
1200 3020 1259 3094 τῆς

252 3119 385 3198 φθορᾶς
412 3114 519 3201 αἰτίῳ·
551 3114 656 3197 μήτηρ
681 3107 718 3177 δὲ
745 3111 826 3194 αὕτη
856 3115 1010 3197 τυγχάνει
1036 3124 1094 3197 τῆς
1122 3115 1260 3200 ῥευστῆς

184 3230 234 3286 XS
251 3218 374 3296 οὐσίας.
419 3220 479 3284 τὸν
508 3215 544 3284 δὲ
576 3222 703 3304 τρίτον,
735 3216 882 3284 τουτέστι
910 3219 968 3285 τὸν
981 3223 1160 3306 Μάρτιον,
1192 3228 1258 3288 εἴτε

323 3413 347 3447 v.
368 3400 381 3447 1
409 3395 438 3447 et
463 3398 479 3446 3
503 3391 665 3472 Philippus
678 3395 708 3447 et
733 3392 907 3447 Metrodorus
932 3393 1114 3449 Wachsmuth
1144 3396 1178 3450 de
1205 3400 1257 3451 ost.

252 3482 279 3534 p.
296 3470 347 3518 296
366 3482 407 3517 nr
423 3470 456 3519 15
531 3468 564 3517 10
584 3456 995 3534 St01c1noxogrgr.876⁸22

325 3641 349 3677 v.
365 3630 380 3676 2
400 3622 431 3678 δὲ
451 3621 529 3678 omis
544 3623 570 3675 A
641 3623 777 3690 ίψοιλλλς
792 3622 839 3712 ΡΙ
855 3622 1050 3692 ἡμικάλινδρον
1064 3623 1095 3679 F
1164 3623 1231 3679 12”
1215 3644 1258 3680 οτι

253 3700 303 3749 τοῦ
322 3714 360 3763 πρ
361 3694 469 3749 άτουδ
492 3696 496 3762 Ι
521 3691 640 3763 λέγοιμεν
657 3694 684 3746 A
776 3699 807 3748 17
824 3692 962 3765 ’Λίδη-ν
977 3701 1011 3748 24
1029 3692 1124 3758 οὐσίας
1142 3695 1218 3751 omis.
1238 3697 1262 3753 S

256 3771 289 3818 19
308 3764 365 3820 διιτδ
378 3775 433 3821 τῶν
451 3767 487 3834 A,
506 3764 537 3819 ἐκ
555 3774 610 3819 τῶν
624 3764 652 3817 Β
667 3767 672 3833 Ι
688 3764 703 3819 6
721 3716 913 3836 βασιλεὺςΒ
960 3771 991 3820 21
1011 3765 1047 3822 ἄν
1062 3767 1115 3840 τις]
1134 3767 1259 3867 24ch

255 3841 289 3890 23
308 3838 382 3892 αὐτῶ
401 3838 439 3909 A,
446 3809 487 3906 B:
503 3836 572 3905 αὐτη
590 3837 618 3890 A
716 3888 718 3893 ,
961 3885 963 3890 .
1242 3895 1246 3902 ,
