3074 4598
279 483 323 547 92
540 479 649 536 LIBER
667 479 844 546 QUARTUS.
861 479 1030 536 'MARTIUS

175 646 289 712 Gedien
308 671 368 732 τεμ
395 650 428 714 οἱ
447 646 597 731 Ῥωμαῖοι
620 645 744 731 μόρτεμ
774 645 931 731 ἐκάλουν,
958 643 1062 712 ολονελ
1081 647 1245 730 θάνατον,
1273 645 1296 729 ἢ

172 761 322 820 xcedsen.
336 756 476 839 κινητὴν
497 763 564 819 τῶν
585 764 711 836 τεχνῶν
728 752 865 841 ηἈρεα
886 755 947 821 τὸν
968 749 1043 838 παρ’
1066 751 1216 838 ἀρρένων
1235 749 1295 816 καὶ

174 863 287 926 Oedren.
302 863 417 946 μόνων
429 859 617 944 τιμώμενον
634 858 654 944 ἢ
673 859 709 926 ἐκ
722 871 784 928 τοῦ
797 863 989 948 μάρνασθαι
1002 861 1083 926 κατὰ
1098 857 1294 942 Φιλόξενον,

278 971 426 1034 καλεῖται
453 961 489 1031 δὲ
518 966 739 1049 Αλγυπτιαστὶ
762 966 914 1055 Ἐρτωσί·
945 978 1043 1036 τοῦτο
1075 962 1111 1034 δὲ
1139 968 1294 1050 σημαίνει

251 1073 403 1150 σπαντὸς
423 1070 543 1154 γένους
570 1077 753 1158 ζωογονίαν
775 1071 831 1139 καλ
853 1074 960 1158 πάσης
984 1074 1098 1152 οὐσίας
1125 1070 1181 1140 καὶ
1207 1070 1294 1156 ὕλης

237 1189 264 1244 X
277 1180 361 1245 κατὰ
387 1178 493 1264 φύσιν
518 1179 574 1246 καὶ
601 1181 747 1267 δύναμιν
770 1181 983 1264 διατακτικην
1012 1183 1220 1266 ζωογονικην.
1271 1178 1292 1245 ό

267 1283 371 1374 Ἀρης
401 1292 526 1372 χαλκοῦ
557 1286 613 1354 καὶ
642 1289 784 1373 σιδήρου
813 1284 949 1372 εὑρέτης
978 1284 1114 1379 ἐγένετο.
1163 1287 1225 1371 τὴν
1252 1281 1293 1352 δὲ

204 1474 206 1477 .
272 1391 475 1481 Ἀφροδίτην
493 1396 525 1461 οἱ
544 1398 692 1480 φυσικοί,
714 1390 795 1458 ποτὲ
813 1388 875 1477 μὲν
895 1391 995 1480 αὐτῷ,
1018 1389 1096 1457 ποτὲ
1118 1390 1156 1459 δὲ
1168 1394 1293 1480 Ἡφαί-

277 1519 343 1590 στφ
371 1502 600 1567 συνάπτουσιν
627 1497 730 1566 οἱονεὶ
758 1509 798 1586 τῇ
820 1499 909 1586 ὑγρᾷ
931 1497 1029 1584 οὐσίᾳ
1054 1500 1115 1582 τὴν
1138 1499 1291 1584 πυρώδη,

237 1633 264 1674 ιο
277 1607 311 1687 ἐξ
333 1608 441 1694 ὑγροῦ
464 1609 638 1691 δήπουθεν
663 1602 719 1669 καὶ
745 1609 877 1690 θερμοῦ
898 1604 1051 1691 προιέναι
1072 1604 1133 1687 τὴν
1154 1602 1290 1687 γένεσιν

276 1714 513 1798 αἰνιττόμενοι·
539 1710 561 1794 η
584 1713 651 1792 καί,
673 1708 787 1793 ἐπειδη
810 1710 922 1785 κοινὸς
944 1709 1057 1786 αὐτοῖς
1079 1708 1097 1775 ὁ
1120 1712 1290 1796 σκόρπιος,

266 1817 385 1904 Ἀρεος
394 1814 456 1902 μὲν
465 1816 671 1900 <όντος>τοῦ
679 1812 831 1901 κέντρου,
841 1826 908 1881 τῶν
917 1812 954 1881 δὲ
962 1820 1074 1901 χηλῶν
1082 1813 1290 1904 Ἀφροδίτης.

276 1921 517 2010 ἀποστρέφεται
545 1920 598 2006 δέ,
626 1921 735 2007 ὥσπερ
764 1923 846 1988 κατὰ
873 1922 933 1988 τὸν
959 1929 1086 2008 μῦθον,
1107 1920 1290 2012 Ἀφροδίτη

275 2027 470 2115 τὸνἈρην,
497 2028 609 2112 ἐπειδὴ
632 2027 650 2094 δ
673 2029 798 2114 χειμὼν
820 2028 1002 2097 ἀκολουθεῖ
1027 2038 1073 2119 τῷ
1098 2040 1159 2098 τοῦ
1171 2030 1290 2118 Ἀρεος

236 2163 262 2205 α
277 2137 352 2224 ῑδίφ
384 2135 620 2219 καταστήματι,
655 2136 677 2220 ἡ
709 2131 747 2201 δὲ
774 2135 955 2223 Ἀφροδίτη
986 2138 1150 2224 εὔκρατος.
1203 2139 1290 2205 ὥστε

276 2243 436 2320 ἐναντίως
457 2245 570 2326 ἔχουσι
597 2241 680 2326 πρὸς
703 2240 858 2326 ἑαυτούς,
885 2242 955 2309 ἀλλ’
979 2244 1021 2310 οὐ
1042 2247 1204 2310 καθόλου·
1231 2242 1288 2310 καὶ

275 2352 339 2436 γάρ
363 2349 518 2434 ἀλληλοις
544 2348 628 2415 κατά
654 2350 692 2415 τὸ
719 2359 781 2415 τοῦ
807 2360 927 2436 καιροῦ
948 2347 1105 2438 προσεχὲς
1126 2350 1290 2416 συνάπτε·

276 2464 358 2523 σθαι
381 2457 533 2538 δοκοῦσι,
560 2457 641 2539 μετὰ
668 2457 731 2540 γὰρ
759 2468 905 2540 χειμῶνα
932 2457 969 2521 τὸ
997 2459 1055 2541 ἔαρ
1078 2456 1288 2543 ἀναφέρεται.

272 2563 496 2650 θεραπεύεται
519 2555 556 2626 δὲ
578 2560 709 2646 δ”Αρης
729 2563 823 2646 ἤχοις
842 2562 954 2629 ὅπλων
971 2560 1026 2628 καὶ
1045 2563 1207 2649 σάλπιγξι,
1229 2562 1287 2630 καὶ

234 2695 262 2736 το
276 2671 333 2736 διδ
355 2678 454 2735 τοῦτο
478 2667 567 2754 αὐτῷ
589 2668 651 2751 την
672 2669 809 2755 πρώτην
831 2666 949 2755 ἑορτὴν
967 2668 1141 2736 ἐπετέλουν
1163 2672 1197 2736 οἱ
1210 2669 1286 2737 Ῥω-

274 2787 378 2861 μαῖοι,
405 2779 584 2851 καλοῦντες
611 2774 716 2858 αὐτὴν
732 2773 1009 2862 Ἀρμιλούστριον
1035 2774 1137 2841 ολονεδ
1159 2782 1288 2863 καθαρ-

138 2885 141 2896 “
274 2882 340 2967 μὸν
363 2880 489 2964 ὅπλων,
511 2881 556 2965 μη
579 2883 731 2965 χείματος
753 2883 798 2965 μη
822 2879 933 2967 ἑτέρας
955 2882 1045 2958 τινὸς
1066 2882 1288 2968 περιστάσεως

275 2988 453 3073 εἰργούσης
475 2988 536 3070 την
558 2991 692 3070 κίνησιν
719 2998 787 3052 τῶν
814 2987 927 3053 ὅπλων
949 2986 1002 3053 ἐπὶ
1024 2996 1070 3075 τῷ
1096 2997 1157 3053 τοῦ
1169 2986 1287 3073 Ἀρεος

273 3094 386 3181 πεδίφ.
433 3094 539 3177 όνομα
556 3089 594 3158 δὲ
612 3092 701 3181 αὐτῷ
719 3091 789 3159 κατ’
810 3095 1014 3177 Αἰγυπτίους
1028 3097 1183 3179 Πυρόεις,
1201 3094 1287 3161 ὅθεν

234 3198 330 3268 τεκαὶ
353 3198 522 3274 Ξανθικός
543 3200 634 3284 παρὰ
651 3201 860 3266 Μακεδόσιν·
875 3199 1032 3285 Ἕλληνες
1050 3197 1086 3266 δὲ
1104 3200 1216 3286 αὐτόν,
1238 3203 1285 3280 ὥς

274 3312 414 3392 εἴρηται,
428 3303 528 3392 Ἀρεα
552 3303 587 3370 ἐκ
605 3316 672 3371 τῶν
689 3308 892 3393 πραγμάτων
910 3310 1168 3393 προσηγόρευον.
1205 3306 1287 3375 οὐδὲ

275 3499 302 3568 7)
316 3496 354 3566 Χ,
374 3495 473 3568 Georg.
489 3495 603 3552 Cedren.
619 3495 684 3551 hist.
699 3514 788 3569 comp.
802 3518 829 3569 p.
845 3505 905 3570 296,
916 3505 947 3553 21
958 3499 1059 3555 Bona:
1078 3497 1120 3555 ότι
1138 3501 1188 3557 τόν
1200 3500 1285 3570 Μάρ·

272 3585 322 3637 τιμ
336 3598 370 3609 -
385 3585 411 3640 p.
428 3572 502 3635 om
526 3575 581 3622 τόν
599 3576 702 3637 τεχνῶν
724 3565 743 3638 ἢ
767 3566 861 3638 (Ἀρεα
892 3570 981 3641 omis.)
1003 3570 1053 3626 τόν
1075 3570 1140 3640 παρ’
1158 3569 1285 3641 άρρένων

272 3668 308 3680 -
323 3635 573 3779 θόοδοῖίόόόήάδν]
593 3707 662 3776 ἄρεα
679 3716 729 3764 τοῦ
749 3710 777 3764 Β
838 3709 978 3784 ῦμόνων]
996 3709 1083 3782 μόνον
1101 3712 1129 3766 Β
1189 3712 1283 3784 ⁷57&-

273 3797 336 3835 mo
356 3776 467 3861 ιόρίτης
481 3779 509 3833 Β
582 3776 647 3834 ῦδδ
666 3778 744 3835 omia.
760 3782 787 3835 A
861 3788 893 3836 12
914 3781 1035 3856 (ὄντος)
1055 3783 1118 3840 εδδ
1137 3784 1188 3840 Gu.
1203 3783 1282 3840 Kroll

274 3855 307 3905 28
326 3857 376 3906 τοῦ
396 3866 473 3908 omn.
494 3850 521 3905 Β
1263 3887 1267 3896 ,
