3074 4598
671 531 876 589 PRAEFATIO
1161 539 1275 596 LXXIX

264 709 340 768 sium
363 703 400 763 ab
424 702 477 764 illo
501 699 664 763 constituto
687 698 792 776 incipit
814 701 959 779 narratio,
982 704 1046 761 tum
1069 707 1169 764 autem
1190 710 1273 768 recta

262 795 313 854 via
342 792 406 870 agit
434 790 470 850 de
493 783 618 866 'magica
639 788 754 847 numeri
784 787 958 850 duodenarii
986 791 1017 850 11
1044 793 1134 868 atque
1160 792 1272 856 indole:

262 881 354 940 talem
376 898 520 956 pannum,
543 877 595 954 qui
616 876 678 935 late
701 875 855 952 splendeat
876 879 1119 957 philosophorum
1136 879 1273 944 doctrina

261 967 425 1042 recondita,
446 967 590 1026 materiae
613 965 728 1024 alienae
747 963 871 1024 adsuere
894 986 910 1025 e
928 966 1082 1029 Laurentii
1104 988 1185 1029 more
1208 988 1271 1032 esso

261 1057 424 1117 innumeris
451 1057 513 1116 iam
540 1055 681 1132 exemplis
707 1051 792 1113 uobis
819 1053 1003 1132 probabitur.
1050 1058 1157 1135 quibus
1186 1057 1271 1120 abso·

261 1147 333 1206 lutis
357 1147 395 1204 ad
418 1145 606 1222 propositum
632 1141 710 1204 redit
732 1143 902 1219 uectatque
930 1146 1000 1204 anui
1027 1146 1158 1224 initium,
1184 1167 1270 1207 num-

261 1254 324 1295 mos
348 1252 366 1292 a
388 1233 490 1293 Numa
517 1233 624 1307 dictos,
651 1232 778 1310 regiam,
804 1230 980 1308 pontificum
1002 1235 1133 1296 ordinem
1157 1236 1269 1299 abillo

260 1324 430 1398 inventum,
458 1341 585 1401 cumque
610 1322 642 1381 id
671 1338 789 1398 quoque
816 1320 971 1380 Laurentii
997 1325 1151 1400 proprium
1177 1326 1269 1401 fuisse

261 1411 398 1489 aciamus,
424 1415 461 1472 ut
483 1412 536 1473 ubi
562 1411 693 1490 primum
714 1428 827 1468 morem
849 1409 981 1486 aliquem
1009 1410 1046 1471 ab
1072 1413 1201 1490 antiquis
1222 1414 1269 1475 in·

261 1502 404 1562 stitutum
426 1503 545 1583 attigit,
571 1499 652 1560 illius
680 1499 744 1558 fata
765 1517 860 1576 usque
887 1498 926 1557 ad
953 1517 1008 1559 sua
1034 1503 1168 1562 narraret
1193 1504 1268 1563 tem·

260 1609 334 1669 pora
357 1623 400 1634 ·-
424 1591 526 1653 videas
548 1589 652 1667 velim,
676 1587 821 1666 quomodo
845 1585 864 1664 ξ
885 1589 924 1647 12
950 1587 1061 1649 circum
1083 1590 1270 1668 descripserit

260 1683 291 1740 et
314 1680 420 1758 (bacea,
445 1679 523 1741 Solis
544 1678 632 1755 filiae,
657 1681 688 1739 et
709 1676 810 1738 Severi
831 1677 1020 1754 imperatoris
1039 1710 1080 1720 —
1098 1697 1158 1738 uon
1179 1680 1268 1740 mira·

257 1770 371 1844 bimur,
401 1769 482 1847 quod
510 1768 645 1845 sequenti
674 1767 862 1846 paragrapho
889 1767 975 1828 nobis
1003 1768 1120 1828 obviam
1145 1767 1180 1826 fit
1204 1768 1267 1829 Ha·

260 1857 394 1918 dnauus:
421 1857 508 1917 illurn
530 1857 609 1918 enim
632 1851 825 1916 ‘Graecorum
846 1874 941 1931 more,
969 1875 1021 1916 seu
1041 1856 1182 1935 Pompilii
1202 1857 1267 1918 Nu·

258 1964 338 2021 mae,
375 1946 569 2006 caerimonias
605 1945 686 2025 leges
717 1945 873 2023 gymnasia
910 1943 1119 2023 doctoresque'
1149 1966 1267 2008 curasse

259 2028 347 2115 (Aur.
366 2033 444 2093 Vicb
465 2033 547 2093 Caes.
569 2033 649 2109 XIV,
674 2026 708 2114 1)
738 2036 769 2093 et
798 2032 897 2094 officia
925 2035 1046 2110 publica
1074 2039 1105 2094 et
1132 2035 1267 2113 palatina

259 2140 396 2182 necnon
423 2121 550 2181 militiae
572 2121 604 2178 in
627 2138 693 2180 eam
719 2120 845 2180 formam
866 2120 1015 2200 redegisse
1042 2122 1162 2200 scimus,
1190 2143 1266 2200 quae

257 2210 361 2289 paucis
379 2230 434 2288 per
453 2209 681 2270 Constantinum
696 2207 862 2269 immutatis
881 2208 920 2267 ad
934 2209 1168 2286 Byzantinorum
1187 2212 1267 2289 quod

258 2317 397 2359 vocamus
430 2317 537 2360 aevum
566 2297 776 2374 perseverabat
803 2290 889 2381 (Aur.
908 2297 986 2358 Viet.
1010 2300 1080 2376 epit.
1100 2299 1178 2376 XIV,
1198 2293 1263 2383 11).

258 2387 295 2447 ab
313 2387 467 2448 Hadriano
490 2387 584 2466 igitur
606 2405 690 2447 sacra
713 2387 867 2463 quaedam,
891 2405 968 2463 quae
986 2387 1140 2448 invenerat
1156 2388 1265 2466 Numa,

258 2477 353 2537 denuo
375 2476 546 2537 instaurata
569 2493 631 2535 esse
653 2479 828 2536 narraverat
849 2474 1041 2551 Laurentius,
1067 2480 1161 2556 utque
1183 2477 1264 2540 fflius

258 2565 499 2626 commemoratio
531 2582 622 2625 causa
653 2565 713 2624 fuit
743 2563 959 2625 afferendorum
984 2564 1264 2644 Hierosolymorum,

257 2671 333 2729 quae
355 2651 416 2712 iilis
439 2652 623 2730 temporibus
641 2652 728 2712 Aelia
745 2653 939 2729 vocabantur,
962 2653 1004 2714 sic
1026 2653 1046 2731 ἓ
1066 2657 1106 2714 19
1124 2654 1264 2732 Hypatae

256 2741 337 2802 urbis
360 2761 469 2802 nomen
495 2741 637 2802 laudatur
665 2744 768 2819 postea
793 2745 952 2802 mutatum
997 2744 1192 2822 paragraphis
1215 2745 1264 2804 de·

255 2829 324 2890 inde
348 2849 425 2908 quae
448 2834 587 2892 secuntur
609 2832 737 2893 20-22
761 2833 945 2907 tractantur,
973 2851 1049 2910 quae
1070 2833 1171 2893 Numa
1196 2851 1264 2893 san·

256 2921 346 2979 xerit:
370 2922 413 2982 20
435 2921 610 2996 pontificum
631 2920 827 2980 maximorum
844 2920 994 2997 vestitum,
1017 2923 1056 2981 21
1077 2923 1193 3000 regium
1209 2923 1263 2984 ha·

255 3008 363 3086 bitum,
387 3010 428 3068 22
447 3008 663 3088 imperatorum
681 3008 767 3087 signa
786 3009 934 3070 describit
976 3007 995 3086 ξ
1015 3012 1143 3072 23-25
1166 3012 1262 3073 latina

255 3097 406 3174 'quaedam
422 3097 660 3175 interpretantur
677 3096 834 3158 vocabula:
856 3097 1015 3177 privilegia
1034 3100 1106 3176 quid
1124 3101 1195 3176 sint,
1214 3101 1263 3160 de·-

256 3185 324 3244 cani
343 3186 417 3261 quid
435 3187 466 3246 et
481 3181 608 3246 ‘accede'
623 3186 697 3262 quid
714 3186 873 3264 significet,
894 3189 961 3245 tum
975 3186 1149 3248 describitur
1166 3191 1262 3249 status

254 3273 298 3332 rei
316 3273 454 3350 publicae
469 3293 488 3333 a
504 3273 677 3333 Domitiano
692 3273 879 3334 Diocletiano
899 3273 1093 3335 Constantino
1110 3277 1199 3354 paulo
1217 3277 1262 3334 in·

253 3365 382 3422 novatus
397 3354 569 3445 (12611),
583 3362 740 3438 praecipue
755 3364 901 3438 quantum
915 3362 954 3421 ad
962 3364 1091 3423 miiitum
1105 3383 1262 3424 numerum

254 3450 377 3526 attinet,
405 3470 532 3528 quoram
556 3449 668 3510 indices
694 3450 890 3510 vetustissimi
913 3482 955 3493 —
980 3470 999 3510 a
1024 3451 1123 3512 Numa
1149 3452 1262 3513 scilicet

254 3539 447 3603 10111111-
472 3539 573 3616 quales
601 3539 752 3616 quondam
778 3538 893 3599 fuerint
914 3542 1053 3599 narratur
1074 3542 1259 3619 paragrapho

254 3630 306 3704 28,
333 3627 411 3687 unde
439 3627 568 3688 decmait
590 3630 694 3688 auctor
720 3626 759 3688 ad
784 3627 940 3688 historiam
968 3629 1086 3688 chartae
1113 3631 1143 3687 et
1168 3648 1258 3688 mem·

252 3716 364 3778 branae
387 3717 491 3793 paucis
515 3716 727 3776 delineandam.
774 3735 851 3794 quae
873 3736 943 3776 vero
967 3719 1104 3776 secuntur
1125 3716 1193 3776 hinc
1209 3736 1258 3777 us·

254 3824 313 3881 que
336 3806 375 3865 ad
397 3805 487 3865 finem
508 3805 577 3865 libri
599 3804 779 3884 paragraphi
803 3799 836 3888 (ξ
856 3801 1010 3884 29-41),
1034 3824 1133 3865 omnes
1156 3805 1258 3866 eodem

252 3894 341 3954 modo
363 3897 498 3954 tractant
518 3894 567 3955 vel
588 3897 722 3954 aeterum
743 3894 884 3955 instituta
901 3893 1031 3971 publica,
1052 3894 1257 3957 historicorum
