3074 4598
632 519 839 577 PRAEFATIO
1137 524 1235 581 LXXV

227 697 304 758 nulli
327 693 408 751 certo
431 688 564 748 adtribui
585 689 710 764 possunt
732 686 817 762 libro,
840 688 898 749 nisi
916 689 993 749 forte
1011 691 1043 749 in
1061 691 1236 767 quibusdam

229 787 324 846 oritur
346 777 488 855 suspicio,
516 796 550 836 ea
573 794 691 852 quoque
713 778 836 851 propter
857 777 1058 838 Romanorum
1079 799 1174 841 mores
1197 782 1235 843 ab

228 872 300 950 ipsis
325 867 488 943 descriptos
511 885 526 924 e
549 864 645 940 primo
672 863 749 922 libro
775 863 884 925 hausta
909 887 980 928 esse.
1025 867 1139 936 accedit
1160 869 1234 930 eius-

228 962 295 1020 dem
318 955 435 1033 generis
458 957 597 1014 octavum
618 952 819 1031 fragmentum
841 954 986 1016 scholium
1009 957 1156 1035 quoddam
1178 956 1234 1018 Ve-

226 1049 330 1107 netum
352 1043 470 1115 Iliadis,
499 1040 578 1119 quod
605 1059 658 1101 suo
686 1042 749 1100 iuro
776 1040 852 1101 libro
880 1043 917 1102 de
943 1047 1092 1108 mensibus
1119 1046 1236 1106 videtu

226 1134 365 1196 tribuisse
390 1131 421 1191 0.
444 1131 478 1190 B.
500 1130 621 1206 Hasius,
644 1148 747 1189 comm.
770 1149 799 1206 p.
818 1129 922 1190 xxix.

293 1220 353 1280 Sed
375 1222 407 1280 in
426 1219 633 1297 componendis
656 1219 725 1279 libri
743 1217 872 1295 Lydiaui
894 1220 1068 1300 fragmentis
1088 1225 1144 1285 hoc
1162 1244 1234 1302 quo
1247 1221 1377 1321 ffffiffilf

225 1330 283 1390 que
307 1312 374 1369 erat
396 1308 624 1384 observandum,
651 1328 689 1367 ne
715 1307 792 1368 falso
821 1309 1040 1385 quaedamilli
1066 1314 1178 1373 tributa
1200 1316 1232 1374 in
1285 1331 1341 1374 unt·

226 1401 388 1460 editionem
400 1400 614 1476 reciperentur:
638 1415 779 1475 quercea
796 1415 873 1474 quae
892 1402 1029 1474 suspecta
1046 1401 1120 1460 mihi
1138 1407 1234 1464 essent

225 1489 395 1567 fragmenta
425 1508 455 1566 p.
476 1489 649 1550 181-184
681 1486 819 1546 editionis
851 1488 978 1563 seposui.
1031 1508 1157 1566 quorum
1185 1511 1232 1549 ex·

223 1581 395 1656 cerptorum
417 1577 454 1638 de
476 1575 603 1640 secundo
627 1579 658 1635 et
679 1575 769 1634 tertio
793 1575 853 1634 dixi
873 1576 1022 1652 quondam
1040 1577 1233 1655 ephemeridis

223 1668 410 1745 Byzantinos
433 1670 515 1727 tomo
537 1665 566 1723 V
586 1684 616 1742 p.
635 1667 715 1741 412,
741 1663 792 1723 ubi
815 1683 851 1724 ea
875 1665 1024 1726 translata
1045 1668 1076 1726 in
1099 1667 1233 1727 codicum

221 1758 409 1818 recensiones
431 1757 491 1816 XY
518 1755 621 1815 monui
651 1773 687 1814 ex
714 1754 802 1813 initio
830 1753 900 1813 libri
930 1754 966 1814 de
996 1757 1119 1816 ostentis
1145 1756 1232 1816 hodie

222 1845 383 1922 deperditi;
405 1864 501 1922 neque
523 1862 593 1905 vero
611 1843 751 1921 primum,
774 1843 853 1920 quod
872 1843 1003 1904 eiusdem
1026 1863 1087 1906 esse
1110 1846 1232 1924 originis

221 1936 316 2010 patet,
345 1932 448 1991 eodem
470 1933 602 2010 relegare
630 1931 717 1990 hodie
740 1930 857 2006 dubit03
885 1933 910 1991 si
932 1934 995 1992 iam
1017 1954 1052 1994 ex
1076 1952 1125 2012 ec,
1153 1935 1231 2013 quod

222 2024 255 2081 in
279 2025 440 2097 utrumque
468 2020 602 2080 codicum
628 2038 721 2097 genus
746 2021 901 2096 receptum
928 2024 974 2081 est
999 2023 1122 2082 tertium
1148 2024 1231 2100 illud,

220 2108 396 2171 concludere
423 2108 482 2182 vis,
510 2107 549 2167 ad
574 2127 668 2166 unum
694 2107 889 2184 archetypum
914 2108 1011 2168 redire
1033 2111 1060 2170 X
1085 2115 1116 2171 et
1138 2113 1173 2188 Y,
1198 2113 1231 2171 in

222 2217 282 2275 quo
309 2196 420 2256 librum
446 2195 482 2254 de
511 2194 661 2256 mensibus
691 2194 926 2272 subsequebatur
953 2197 1073 2257 initium
1098 2200 1168 2259 libri
1194 2199 1230 2260 de

221 2286 346 2347 ostentis
361 2304 380 2344 a
397 2285 520 2362 reliquis
538 2284 681 2360 avolsum,
699 2283 775 2343 nihil
792 2284 888 2345 habeo
908 2285 987 2362 quod
1005 2289 1107 2348 contra
1126 2289 1229 2348 dicam.

221 2375 423 2454 fragmentum
446 2376 598 2451 quartum,
626 2391 685 2450 quo
713 2373 880 2433 denatura
902 2374 1035 2436 fulminis
1059 2378 1171 2456 agitur,
1196 2378 1229 2436 in

218 2465 283 2524 solo
307 2462 408 2524 codice
430 2463 593 2523 Barbarino
616 2463 686 2521 ante
709 2462 932 2540 inscriptionem
957 2461 988 2523 ἐκ
1012 2472 1070 2525 τῶν
1089 2457 1228 2526 Ἰωάννου

219 2560 271 2612 τοῦ
292 2548 500 2628 Φιλαδελφὲως
520 2551 581 2630 legi
604 2570 729 2626 eamque
752 2549 790 2609 ob
812 2570 876 2611 rem
896 2552 936 2611 ad
952 2551 1070 2629 Lydum
1086 2573 1146 2615 non
1163 2575 1228 2632 per·

218 2641 314 2700 tinere
342 2657 433 2717 supra
460 2640 738 2714 demonstravimus,
769 2658 866 2716 pauca
896 2644 995 2701 autem
1024 2641 1060 2701 de
1090 2662 1126 2703 ea
1153 2662 1227 2720 quae

217 2728 356 2806 sequitur
377 2728 565 2807 paragrapho
589 2729 696 2805 quinte
718 2731 789 2789 sunt
809 2729 941 2806 dicenda,
965 2749 1054 2807 quam
1072 2733 1103 2791 in
1122 2732 1227 2793 codici-

218 2817 274 2878 bus
297 2819 476 2878 recensionis
498 2818 678 2894 Planudeae,
703 2817 755 2878 sed
776 2817 865 2897 longe
888 2819 950 2878 alia
972 2820 1039 2880 sede
1060 2840 1150 2898 quam
1168 2841 1227 2898 qua

217 2907 334 2984 reliqua
364 2906 501 2984 Lydiana
529 2907 670 2984 leguntur
697 2906 880 2986 fragmenta,
911 2909 983 2968 olim
1011 2911 1163 2970 inuentam
1187 2910 1226 2971 H.
1347 2968 1354 2980 ,

217 2995 369 3073 Hauptius
391 2995 521 3056 Hermae
544 2996 601 3054 vol.
619 2995 691 3055 XIV
715 2997 799 3057 1879
823 3016 852 3074 p.
872 2998 935 3058 296
959 2997 1036 3075 Lydi
1062 2999 1138 3059 libro
1160 2997 1225 3080 περὶ

217 3092 321 3161 μηνῶν
344 3084 463 3159 tribuit,
492 3084 632 3162 quoniam
654 3085 686 3143 in
709 3083 848 3146 Salmasii
870 3084 1015 3147 Plinianis
1042 3089 1225 3148 exercitatio-

215 3171 305 3230 nibus
327 3191 357 3248 p.
377 3164 472 3232 14¹'O
495 3173 604 3251 legitur
625 3173 727 3232 iuncta
750 3192 817 3231 cum
834 3173 1002 3251 fragmento
1021 3176 1149 3252 quodam
1166 3175 1225 3252 Ly·

216 3259 307 3318 diano
331 3251 390 3338 (ed.
409 3280 438 3337 p.
453 3262 505 3336 48,
519 3256 627 3337 bsqq.)
650 3261 788 3336 sapitque
805 3261 941 3337 Hauptio
959 3263 1053 3322 iudice
1072 3262 1225 3323 Laurentii

215 3349 248 3406 in
270 3347 454 3424 explicandis
475 3349 677 3408 Romanorum
698 3348 866 3408 nominibus
890 3352 1137 3410 consuetudinem
1174 3352 1226 3411 sed

217 3435 381 3496 Salmasius
410 3438 446 3495 ut
473 3437 609 3515 iungeret
634 3436 709 3496 haec
735 3437 903 3514 fragmenta
933 3438 1075 3500 adductus
1107 3443 1152 3500 est
1180 3458 1225 3517 eo,

215 3523 296 3601 quod
327 3527 487 3601 utrumque
514 3526 546 3584 in
577 3523 677 3583 codice
704 3525 727 3584 F
758 3526 882 3600 invenit,
914 3529 944 3586 et
970 3526 1084 3603 Lydus,
1114 3530 1224 3588 multas

213 3613 417 3690 pessimasque
440 3633 534 3692 nugas
561 3612 632 3672 licet
655 3613 805 3689 exhibeat,
833 3616 866 3672 at
887 3615 963 3676 tales
990 3635 1136 3693 nusquam
1157 3635 1224 3693 pro·

213 3701 295 3776 tulit,
327 3702 431 3778 quales
451 3701 509 3762 hae
532 3705 602 3762 sunt
624 3701 661 3761 de
682 3701 844 3762 Februario
871 3701 1029 3764 dictatore:
1057 3724 1134 3782 quae
1157 3724 1224 3764 cum

213 3791 336 3849 minime
369 3793 556 3851 consentiant
587 3810 655 3850 cum
686 3792 736 3867 iis,
773 3791 879 3867 quibus
911 3791 1087 3854 Laurentius
1119 3812 1223 3855 causas

213 3878 368 3938 Februarii
391 3882 519 3941 nominis
542 3881 672 3958 exponit,
695 3880 732 3940 ab
754 3880 808 3940 illo
830 3881 1008 3942 removenda
1031 3901 1092 3944 esse
1110 3902 1223 3944 censeo.
