3074 4598
536 539 644 598 LIBER
662 538 837 634 Qufflwfi.
865 538 1006 603 APRms
1206 539 1268 603 117

264 723 332 788 τῶν
353 719 501 792 ποιητῶν
523 702 682 785 τέσσαρας
703 703 938 787 παραδιδόασι·
963 705 1043 797 μίαν
1065 695 1125 784 μὲν
1148 697 1179 777 ἐξ
1205 700 1309 766 OM

265 824 369 902 ρανοῦ
391 811 447 885 καὶ
466 809 609 895 Ἡμέρας
630 812 815 891 τεχθεῐσαν,
839 805 955 894 ἑτέραν
977 805 1014 875 δὲ
1038 805 1070 886 ἐξ
1092 804 1213 890 ἀφροῦ,
1236 806 1268 884 ἐξ

263 917 302 1004 δε
324 919 379 985 καὶ
394 918 518 1006 Ἑρμοῦ
532 913 639 1000 ”ans
661 910 792 997 ἐτέχθη·
815 918 932 998 τοίνυν
948 916 1033 993 Διὸς
1054 911 1108 980 καὶ
1124 913 1269 997 Διώνης,

263 1026 296 1106 ἐξ
319 1021 358 1110 ῆς
380 1021 437 1089 καὶ
450 1020 568 1106 ’Ἄρεος
589 1021 752 1103 τεχθῆναί
770 1035 875 1103 φασιν
891 1019 1086 1108 Ἀντέρωτα·
1111 1019 1269 1106 τετάρτην
1378 1050 1379 1053 “

261 1109 323 1216 τῆν
352 1130 482 1213 Συρίας
510 1122 567 1191 καὶ
595 1124 751 1211 Κάπρου,
785 1126 847 1208 τὴν
876 1126 1058 1212 λεγομένην
1081 1127 1268 1213 Ἀστάρτην.
1295 1151 1308 1192 τ

261 1239 357 1318 ἄλλοι
380 1232 421 1300 δέ
441 1250 535 1319 φασι,
557 1233 691 1318 πρώτην
712 1228 774 1317 μὲν
795 1239 856 1297 τοῦ
876 1230 1033 1317 Οὐρανοῦ
1055 1233 1109 1301 καλ
1127 1232 1268 1320 Ἡμέρας

263 1340 436 1426 Οὐρανίαν
457 1338 675 1425 καλουμένην,
699 1335 858 1423 δευτέραν
880 1333 919 1403 δέ
936 1335 1062 1424 Ἀφροῦ
1083 1338 1137 1406 καὶ
1158 1340 1268 1427 Εὐρυ-

261 1449 366 1535 νόμης
388 1457 448 1533 τῆς
460 1445 630 1531 Ὠκεανοῦ,
652 1443 705 1510 καὶ
728 1448 845 1531 τρίτην
866 1444 928 1529 τὴν
951 1452 1181 1529 συναφθείσαν
1196 1445 1268 1534 Ἑρ-

261 1563 307 1641 μῆ
334 1562 380 1644 τῷ
407 1558 551 1638 Νείλου,
581 1551 614 1631 ἐξ
639 1546 679 1635 ἧς
704 1549 760 1617 καὶ
788 1551 806 1619 ὁ
838 1551 993 1638 δεύτερος
1010 1549 1116 1639 Ἔρως
1142 1550 1160 1616 ὁ
1187 1552 1269 1618 ὑπό-

261 1685 391 1749 πτερος,
416 1663 577 1748 τετάρτην
598 1659 682 1736 Διὸς
703 1657 759 1725 καὶ
780 1659 926 1745 Διώνης,
949 1659 992 1744 ἣν
1014 1661 1132 1745 ἔγημεν
1145 1655 1267 1743 Ἥφαι-
1282 1686 1308 1726 ιο

260 1789 348 1857 στος,
370 1770 483 1856 λάθρα
506 1764 543 1835 δὲ
566 1765 649 1852 αὐτῇ
672 1767 847 1833 συνελθὼν
859 1765 962 1854 ’Ἁρης
985 1769 1072 1834 ἔτεκε
1089 1763 1268 1833 τὸνἈυτέ-

260 1900 357 1963 ρωτα.
402 1881 550 1941 καλεῖται
577 1869 614 1939 δὲ
640 1879 808 1959 πολλαχοῦ
835 1872 891 1939 καὶ
918 1876 1093 1960 Πασιφάη,
1118 1872 1139 1959 ἡ
1166 1882 1268 1953 πᾶσιν

260 1979 437 2066 ἐπαφιεῑσα
453 1980 515 2063 τῆν
532 1979 670 2063 ἡδονήν·
688 1977 743 2045 καὶ
757 1977 914 2065 Ἐρυαίνη
932 1983 1022 2067 παρά
1040 1983 1075 2048 τὸ
1093 1983 1171 2059 τοὺς
1188 1983 1269 2067 ἔρω-

259 2110 316 2168 τας
339 2095 455 2150 κινελν.
501 2081 558 2150 ἀπ’
581 2083 680 2166 αὐτῆς
704 2080 742 2149 δὲ
763 2083 818 2150 καί
832 2084 955 2170 Ἑρμοῦ
977 2089 1037 2152 τὸν
1050 2087 1267 2174 Ἑρμαφρόδι-

258 2215 318 2258 τον
347 2196 510 2275 τεχθῆναι
540 2191 652 2272 λόγος,
684 2179 758 2255 οἷον
789 2190 849 2255 τὸν
876 2189 1026 2276 εὐφραδῆ
1055 2191 1109 2258 καὶ
1135 2192 1266 2260 ἀστεῖον
1280 2220 1306 2262 ιο

258 2301 370 2383 λόγον,
400 2297 461 2363 τὸν
489 2292 522 2374 ἐξ
551 2294 672 2379 ἡδονῆς
701 2296 738 2361 τὸ
768 2297 871 2381 τραχὺ
900 2297 1100 2381 θηλάνοντα.
1143 2300 1203 2364 τὸν
1230 2297 1267 2366 δὲ

259 2404 379 2488 ταύτης
410 2401 532 2489 ἀστέρα
561 2411 601 2488 τῆ
629 2399 749 2488 σελήνη
777 2400 989 2488 παρέπεσθαί
1015 2424 1095 2489 φασι
1124 2404 1180 2470 διὰ
1208 2407 1267 2484 τάς

259 2510 456 2595 ντατερινάς
474 2511 666 2593 συναφείας,
687 2509 771 2574 ὅθεν
788 2506 842 2574 καὶ
861 2511 959 2574 σκιάν
977 2510 1078 2577 αὐτὸν
1095 2511 1267 2579 ἀποτελεῖν

259 2615 315 2699 διδι
338 2616 375 2679 τὸ
400 2616 562 2700 σωμάτων
585 2608 668 2680 εἶναι
690 2617 898 2701 παρεκτιιιόν.
940 2617 1135 2704 λερούργουν
1154 2614 1190 2684 δὲ
1209 2618 1266 2684 αὐ-

257 2730 296 2808 τῆ
318 2731 422 2807 χῆνας
444 2719 499 2786 καί
519 2719 685 2807 πέρδικας,
708 2720 759 2787 ὅτι
778 2723 813 2787 αἱ
831 2717 893 2807 μὲν
910 2733 980 2800 τοῖς
998 2722 1096 2790 ὕδασι
1113 2728 1262 2811 χαίρουσι
1278 2753 1305 2794 νο

259 2865 300 2876 -
324 2832 466 2912 πελαγία
489 2823 527 2893 δὲ
548 2825 762 2914 ἡἈφροδίτη
780 2867 825 2877 -
843 2830 876 2895 ολ
899 2826 937 2895 δὲ
959 2841 1031 2908 ταῖς
1052 2813 1178 2916 φωναῖς
1200 2844 1266 2899 τῶν

257 2939 406 3022 θηλείων
429 2934 587 3020 ἀγόμενοι
611 2933 810 3002 ἁλίσκονται.
854 2946 1011 3003 τοσαῦται
1033 2934 1094 3023 μὲν
1115 2949 1184 3016 τοῖς
1205 2962 1266 3005 πα-

257 3047 364 3125 λαιοῖς
387 3044 422 3109 αἱ
445 3040 522 3128 περὶ
539 3039 736 3129 Ἀφροδίτης
762 3045 845 3109 κατδι
870 3044 1020 3127 μυθικὴν
1041 3041 1095 3109 καὶ
1121 3046 1266 3130 φυσικὴν

256 3151 406 3244 θεωρίαν
428 3147 532 3228 δόξαι.
578 3148 611 3213 ολ
637 3144 674 3213 δὲ
701 3150 883 3234 φιλόσοφοι
906 3151 1044 3234 Διώνην
1070 3151 1130 3234 τὴν
1147 3148 1265 3236 Ἀφρο-

255 3255 352 3337 δίτην
374 3248 465 3319 εἶναι’
489 3271 571 3339 φασι
599 3254 659 3337 τῆν
686 3254 743 3319 διδι
769 3254 904 3339 πάντων
931 3249 1036 3337 οὖσαν
1062 3267 1128 3321 τῶν
1155 3257 1263 3344 ὄντων
1276 3284 1302 3326 νε

255 3358 376 3445 φύσιν·
408 3366 570 3444 τεχθῆναι
596 3355 634 3424 δὲ
660 3357 765 3443 αὐτὴν
792 3358 827 3424 ἐκ
856 3370 924 3425 τῶν
953 3359 1107 3447 Οὐρανοῦ
1132 3360 1264 3446 μηδέων

253 3463 309 3551 καί
331 3474 389 3550 τῆς
419 3467 606 3550 θαλάσσης,
631 3464 802 3551 τουτέστιν
829 3465 862 3545 ἐξ
890 3465 1008 3551 ἀρτίου
1035 3466 1181 3555 ἀριθμοῦ
1208 3468 1263 3535 καί

253 3580 424 3657 περιττοῦ·
452 3569 508 3637 καὶ
529 3579 685 3657 περιττοῦ
706 3567 769 3657 μὲν
791 3570 826 3637 ἑκ
849 3581 909 3639 τοῦ
933 3572 1057 3659 είδους,
1083 3573 1200 3662 ἀρτίου
1226 3573 1263 3642 δὲ

324 3715 382 3764 v.4
400 3708 550 3778 ἀνθέρωτοι
564 3709 596 3764 Χ
654 3709 740 3781 ὅτῆν
754 3709 853 3781 σνρίαν
866 3712 902 3781 A,
920 3718 970 3781 τῆς
983 3709 1079 3781 συρίας
1092 3715 1119 3768 Β
1179 3719 1263 3770 9τοῦ

253 3780 297 3849 X,
320 3785 358 3853 τῷ
382 3796 452 3836 corr.
477 3779 528 3837 Οτι.
547 3779 626 3836 Kroll
716 3787 747 3836 11
772 3779 921 3851 ἀυθὲρωτα
939 3783 971 3838 Χ
1058 3789 1092 3838 13
1110 3783 1215 3854 έρικίνη
1234 3787 1263 3841 Β

254 3856 289 3906 28
307 3853 355 3906 καί
375 3851 510 3927 φυσικὴν]
529 3852 599 3922 φασὶ
616 3852 644 3906 Β
709 3858 743 3908 26
761 3857 863 3924 τεθῆνε
877 3854 905 3907 Α
969 3860 1050 3924 27sq.
1068 3857 1116 3912 καλ
1134 3865 1263 3925 περιττοῦ

253 3921 339 3977 semel
356 3924 470 3978 tantum
488 3922 594 3994 legitur
610 3921 639 3976 in
657 3924 684 3977 A
