3074 4598
252 493 359 548 LXXX
661 493 867 552 PRAEFATIO

247 665 430 725 commentis
458 665 575 724 Numae
602 662 751 742 Pompilio
779 665 939 742 attributa,
965 666 1014 726 vel
1036 665 1271 740 immutationes,

247 772 330 831 quas
344 755 398 814 illa
410 753 577 831 posteriore
594 755 727 831 tempore
745 773 837 832 passa
854 755 922 831 sint,
940 755 990 816 rel
1008 754 1132 834 denique
1146 755 1270 816 nomina

247 844 359 904 .·eorum
371 843 404 902 in
417 861 558 922 graecum
572 859 737 904 sermonem
750 845 906 905 dannan.
937 845 1152 905 interciderunt
1166 855 1270 906 autem

247 932 398 1010 plurima,
424 934 470 991 ita
497 932 533 991 ut
555 930 743 1010 singulorum
764 935 1000 1012 fragmentorum
1022 934 1154 993 ordinem
1177 937 1268 1013 atque

247 1040 401 1083 ‘conexum
422 1022 455 1080 in
476 1020 630 1098 integrum
651 1023 809 1083 restituere
832 1022 919 1083 hodie
941 1023 1004 1082 iam
1025 1042 1085 1084 non
1106 1022 1204 1083 liceat

248 1140 251 1146 ·
321 1108 476 1186 Expeditis
503 1110 560 1169 tali
587 1111 676 1172 modo
702 1112 753 1187 iis,
787 1130 863 1189 quae
890 1112 1052 1188 posteriore
1080 1110 1150 1171 libri
1176 1112 1269 1189 primi

248 1200 340 1277 parte
362 1198 447 1259 nobis
470 1201 640 1278 manantur,
662 1202 758 1261 restat
775 1203 812 1260 ut
829 1200 991 1276 videamus,
1015 1201 1161 1278 quomodo
1179 1219 1268 1276 para·

248 1288 376 1367 graphis
404 1288 473 1349 inde
501 1307 519 1348 a
545 1291 644 1367 prima
670 1308 766 1367 nsque
793 1289 968 1350 adsertam
995 1289 1139 1349 decimam
1166 1289 1268 1350 disat

247 1377 352 1438 buerit
374 1377 553 1438 Laurentius
575 1379 741 1439 materiam.
787 1380 818 1439 et
844 1378 900 1439 hoo
922 1376 1042 1454 quidem
1063 1377 1110 1436 illi
1131 1397 1266 1439 neeessa-

248 1467 333 1526 riam
354 1468 447 1529 fuisse
470 1468 575 1527 statim
597 1467 741 1542 videmus,
764 1471 809 1542 ut,
831 1467 858 1526 si
880 1465 1000 1542 quidem
1022 1464 1058 1524 de
1076 1484 1154 1526 anno
1173 1467 1268 1528 solari

251 1575 272 1615 a
294 1556 443 1635 Pompilio
465 1557 588 1617 invento
612 1556 707 1616 dicere
730 1556 835 1632 vellet,
856 1555 939 1632 prius
963 1553 1000 1613 de
1022 1571 1057 1612 ea
1080 1571 1157 1631 quae
1179 1575 1267 1630 prae·

247 1645 377 1706 eedebat
398 1644 542 1721 temporis
565 1643 736 1704 definitione
759 1645 871 1721 ageret,
894 1662 984 1720 quam
1004 1641 1131 1701 Romani
1153 1660 1267 1702 annum

250 1734 389 1793 lunarem
412 1735 513 1793 decem
534 1732 681 1792 mensium
704 1751 723 1791 a
740 1730 867 1791 Romulo
886 1730 1082 1791 constitutum
1099 1729 1191 1790 fuisse
1208 1750 1266 1808 pu·

250 1823 367 1881 tabant.
413 1840 473 1897 qua
499 1840 531 1880 re
558 1820 672 1880 factum
698 1823 757 1896 est,
785 1822 821 1880 ut
847 1819 991 1879 Romulus
1019 1822 1267 1880 commemoretur

192 1895 201 1921 ‘
251 1908 272 1986 ἓ
293 1913 343 1985 14,
367 1910 418 1969 ubi
440 1907 526 1969 nobis
547 1909 692 1984 traditur,
719 1927 851 1987 quonam
872 1911 1006 1987 tempore
1028 1908 1065 1968 ab
1092 1907 1145 1968 illo
1167 1908 1265 1970 Roma

250 1999 373 2058 eondita
395 1998 443 2074 sit,
467 1997 618 2075 quodnam
639 1998 761 2058 initium
785 2001 917 2076 quotque
938 2010 1053 2058 menses
1075 2017 1188 2058 annum
1211 1999 1265 2058 ha·

250 2087 320 2147 bere
343 2087 463 2147 iusserit
491 2088 639 2164 conditor3
665 2088 745 2147 unde
772 2107 854 2148 more
876 2107 933 2148 suo
961 2087 1092 2148 deflectit
1117 2105 1136 2148 a
1162 2087 1266 2148 decem

250 2176 402 2237 mensibus
417 2177 455 2237 ed
469 2177 531 2237 vim
545 2196 685 2238 arcanam
698 2177 813 2237 denarii
826 2178 941 2236 numeri
954 2177 1133 2237 Laurentius
1148 2169 1183 2259 (ξ
1197 2168 1264 2259 15),

251 2266 344 2326 donec
376 2267 512 2344 sequenti
547 2266 737 2345 paragrapho
774 2266 935 2326 revertitur
971 2266 1009 2325 ad
1040 2264 1265 2326 describendum

250 2373 371 2430 annum,
395 2356 543 2432 quomodo
565 2355 634 2414 inde
658 2374 676 2414 a
699 2353 829 2415 Saturno
851 2373 945 2431 usque
969 2353 1008 2412 ad
1029 2353 1187 2413 Romulum
1212 2353 1264 2414 ob·

248 2447 386 2504 servatus
413 2445 461 2504 sit.
506 2445 600 2520 utque
628 2444 763 2521 sequitur
785 2443 944 2503 Romulum
970 2442 1080 2519 Numa,
1107 2441 1150 2502 sic
1175 2461 1264 2519 prae·

246 2533 329 2592 cedit
351 2553 419 2592 eum
436 2534 563 2608 Aeneas,
587 2553 602 2592 e
626 2533 712 2592 cuius
733 2533 826 2609 stirpe
847 2533 909 2591 iam
930 2531 1000 2591 inde
1022 2549 1041 2590 a
1062 2530 1167 2608 priscis
1187 2533 1263 2591 tem-

248 2621 372 2698 poribus
386 2625 560 2700 generatum
574 2639 637 2682 esse
649 2621 733 2681 urbis
743 2619 925 2681 conditorem
935 2620 1124 2680 affirmabant
1131 2616 1263 2680 ueteres:

245 2714 336 2770 etro
359 2729 431 2770 vera
453 2711 572 2769 Aeneae
600 2711 664 2770 fata
691 2729 710 2769 a
732 2710 895 2770 Laurentio
918 2713 1040 2769 narrata
1061 2708 1152 2768 trisse
1174 2708 1261 2769 nobis

247 2798 387 2875 proditur
407 2799 598 2877 paragrapho
623 2801 674 2872 13,
696 2799 746 2858 eui
769 2817 836 2858 eam
858 2817 978 2875 quoque
1001 2798 1038 2858 ob
1061 2816 1123 2856 rem
1145 2797 1261 2875 gratias

245 2906 301 2946 nos
324 2887 436 2946 referre
459 2905 589 2962 aequum
611 2889 664 2960 est
688 2885 767 2962 quod
790 2886 875 2945 nobis
896 2886 1028 2945 servavit
1049 2884 1219 2963 vestigium,
1243 2904 1260 2944 e

250 2994 309 3051 quo
334 2975 508 3034 concludere
530 2974 629 3048 liceat,
657 2974 803 3050 quomodo
827 2992 871 3047 ea,
899 2991 976 3050 quae
1000 2972 1148 3051 quondam
1175 2992 1262 3050 prae·

248 3065 409 3138 cesserunt,
431 3062 520 3123 hodie
537 3081 608 3123 vero
626 3081 736 3141 magna
754 3064 893 3138 exparte
912 3061 1029 3139 perdita
1047 3063 1125 3137 sunt,
1147 3062 1261 3122 fuerint

247 3152 402 3230 disposita.
437 3154 600 3230 postquam
619 3153 697 3211 enim
714 3152 834 3212 Aeneae
852 3150 986 3210 fabulam
1005 3149 1141 3225 absolvit,
1158 3152 1262 3231 pergit

247 3245 353 3301 auctor
379 3243 496 3301 noster:
525 3239 672 3301 τοσούτων
699 3231 755 3300 οὖν
783 3236 1020 3312 ἐπιξενωθέντων
1051 3247 1103 3318 τῆς
1125 3231 1260 3318 Ἰταλίας,

246 3330 325 3389 unde
348 3329 495 3406 sequitur,
522 3329 623 3407 priora
645 3330 745 3406 capita
773 3328 843 3388 libri
869 3328 960 3406 primi
981 3330 1069 3405 plena
1095 3327 1187 3387 fuisse
1214 3328 1260 3387 hi·

242 3417 408 3479 storiarum
435 3437 512 3495 quae
539 3420 708 3493 narrarent,
737 3418 885 3494 quomodo
912 3437 948 3476 ex
974 3418 1048 3477 Asia
1075 3420 1106 3476 et
1133 3415 1260 3477 Graecia

247 3506 380 3567 advenae
402 3506 498 3568 naves
517 3507 556 3567 ad
583 3525 650 3567 oras
671 3506 779 3566 Italiae
805 3506 997 3583 appulissent
1042 3508 1131 3583 atque
1154 3505 1186 3564 in
1211 3505 1259 3565 his

246 3594 442 3655 Laurentium
468 3595 614 3672 imprimis
641 3594 674 3654 id
700 3592 795 3673 egisse
823 3597 940 3655 constat
967 3614 983 3654 e
1010 3593 1159 3672 prooemio
1187 3594 1259 3654 libri

246 3683 283 3742 de
305 3684 532 3761 magistratibus
555 3683 722 3759 conscripti,
750 3685 785 3741 ut
806 3683 965 3742 memoriae
986 3683 1137 3759 proderet,
1167 3702 1257 3758 quae-

245 3792 316 3832 nam
339 3772 376 3831 ab
395 3772 440 3832 his
459 3772 582 3833 advenis
600 3773 721 3833 inventa
740 3775 772 3831 et
790 3772 827 3830 ab
844 3771 991 3849 indigenis
1009 3775 1127 3849 recepta
1145 3775 1258 3832 essent:

244 3860 298 3921 illo
322 3862 402 3920 enim
423 3862 498 3937 loeo,
526 3863 561 3920 ut
581 3861 643 3920 iam
666 3879 756 3939 supra
778 3860 955 3935 monuimus,
977 3861 1118 3920 Etruscos
1139 3860 1172 3920 in
1194 3860 1257 3920 Ita·
