3074 4598
469 520 579 578 LIBER
597 519 774 587 QUARTUS.
800 520 1027 578 FEBRUARIUS
1208 521 1250 587 87

245 688 403 770 φωνήσει.
448 685 499 752 ὅτι
526 683 714 767 σκαθιίριος
736 682 754 749 ὁ
779 683 1016 771 σωματοφύλαξ
1041 684 1144 767 ἐστίν,
1172 683 1226 750 καὶ
1240 694 1357 751 cedron.

243 793 452 876 φαυρικίσιοι
476 790 508 856 ολ
530 799 598 852 τῶν
621 788 734 853 ὅπλων
756 791 962 878 δημιουργοί.

189 907 312 964 RrIV24
331 897 384 961 29.
408 898 523 971 Είδοῖς
548 895 805 979 Φεβρουαρίαις·
827 895 891 963 ἀπὸ
912 899 1033 982 ταύτης
1053 905 1111 981 τής
1132 895 1254 982 ἡμέρας
1266 908 1294 961 X

243 1002 308 1069 ἀπὸ
338 1006 428 1089 ὥρας
455 1001 550 1084 ἕκτης
578 1001 637 1065 διδ
661 1000 721 1076 τδις
746 1012 816 1066 τῶν
841 1004 1082 1090 κατοιχομένων
1108 1003 1188 1089 χοὰς
1212 1004 1254 1068 τὰ

244 1112 317 1197 λερδι
334 1111 627 1193 κατησφαλίζοντο,
649 1104 704 1172 καὶ
726 1109 758 1173 ολ
777 1107 933 1192 ἄρχοντες
952 1109 988 1176 ἐν
1005 1115 1144 1197 σχήματι
1163 1110 1253 1177 λδιω-
1278 1135 1292 1178 ι

242 1227 311 1281 τῶν
332 1211 500 1300 προῄεσαν
522 1217 598 1300 ἄχρι
621 1225 679 1300 της
695 1215 760 1301 πρὸ
780 1213 865 1280 ὀκτὼ
883 1217 1253 1304 ΚαλενδῶνΜαρτίων.

242 1321 277 1385 αἱ
301 1317 339 1387 δὲ
362 1321 534 1407 σώφρονες
552 1333 707 1406 γυναῖκες
725 1358 768 1368 -
787 1321 960 1405 ματρώνας
982 1319 1018 1388 δὲ
1041 1324 1142 1402 αὐτὰς
1164 1327 1359 1392 otxcedren.

238 1426 392 1512 Ῥωμαῖοι
423 1435 598 1513 καλοῦσιν,
630 1430 663 1495 οἱ
691 1424 727 1493 δὲ
747 1426 906 1511 Ἕλληνες
935 1430 1184 1508 οίκοδεσντοίνας
1210 1469 1252 1480 -

232 1531 406 1602 Ιτοσοῦτον
428 1545 485 1621 τῆς
503 1536 620 1612 αἰδοῦς
639 1533 844 1620 ἐφρόντιζον,
866 1535 911 1612 ὡς
928 1529 1010 1619 μηδὲ
1028 1546 1098 1613 ταῖς
1115 1542 1254 1615 πολλαῖς

241 1652 310 1708 τῶν
328 1655 499 1727 γυναικῶν
516 1642 657 1727 ὁμιλεῖν,
675 1641 759 1708 ἀλλὰ
776 1639 832 1708 καί
850 1643 972 1719 τόκους
988 1643 1081 1719 τινας
1095 1641 1254 1727 ήσυχίους
1267 1671 1294 1711 ιο

243 1748 281 1814 ἐν
298 1761 370 1827 τοῖς
387 1753 576 1835 βαλανείοις
593 1748 654 1828 ἔξω
672 1757 733 1815 τοῦ
751 1750 905 1832 πλήθους
926 1747 1055 1826 ἑαυταῖς
1072 1747 1253 1834 ἀφορίζειν,

242 1854 302 1932 οὓς
325 1859 375 1922 ἔτι
397 1857 453 1923 καί
479 1866 546 1924 νῦν
571 1859 776 1942 ματρωνίκια
802 1861 971 1922 καλοῦσιν.
1015 1851 1111 1923 αὗται
1137 1858 1254 1922 τοίνυν
1267 1868 1294 1922 Χ

178 1987 183 2023 s
241 1961 277 2026 αἱ
294 1963 466 2046 σώφρονες
483 1973 554 2038 τοῖς
568 1962 722 2048 Βρούτου
740 1963 897 2047 δαίμοσιν
914 1961 1064 2047 ἐνήνιζον
1082 1959 1125 2028 δι’
1145 1964 1254 2030 αἰτίαν

240 2067 414 2150 τοιαύτην·
442 2070 648 2151 Λουκρητία,
674 2069 761 2150 μννή
783 2089 834 2143 τις
852 2065 992 2152 Ῥωμαία
1017 2080 1176 2153 περιττῶς
1202 2069 1254 2135 εὐ-

239 2173 370 2258 πρεπής
398 2169 512 2237 τεκαὶ
536 2171 691 2256 σώφρων,
719 2170 848 2254 λέγεται
874 2175 1061 2257 βιασθῆναί
1082 2195 1164 2240 ιιοτε
1188 2175 1253 2241 ὑπὸ
1267 2201 1293 2244 ιι

245 2282 436 2367 Ταρκυνίου
466 2287 527 2344 τοῦ
559 2279 750 2343 τελευταίου
781 2289 849 2343 τῶν
876 2277 988 2364 ρηγῶν
1015 2278 1036 2362 ή
1062 2288 1123 2345 τοῦ
1151 2280 1253 2348 αὐτοῦ

239 2388 375 2464 παιδός·
405 2386 605 2471 Σούπερβον
631 2380 669 2449 δὲ
697 2383 800 2449 αὐτὸν
826 2383 847 2467 ἡ
875 2385 1003 2470 ἱστορία
1031 2391 1124 2452 καλεῖ
1151 2385 1254 2454 οἱονεὶ

240 2492 398 2572 ἀλαζόνα·
428 2503 559 2577 πρῶτος
587 2492 652 2575 μὰρ
684 2488 784 2567 αὐτὸς
811 2492 937 2575 ὄργανα
962 2504 1091 2558 κοινῶν
1116 2490 1173 2558 καὶ
1199 2492 1254 2578 με’-

174 2625 179 2654 .·
240 2602 345 2664 ταλλα
368 2596 512 2684 ἐξεῦρεν·
539 2596 628 2674 ὅπως
650 2592 693 2670 δὲ,
710 2598 754 2682 μή
777 2598 973 2682 μαλάττοιτο
995 2610 1065 2677 τοῖς
1091 2599 1254 2685 αἰκισμοῖς
1276 2647 1278 2650 -

240 2713 310 2770 τῶν
323 2702 593 2790 τιμωρουμίνων,
611 2704 758 2788 βοτάνην
777 2703 890 2781 αὐτοῖς
907 2703 1071 2791 ἐπεδίδου,
1089 2706 1110 2790 ἢ
1128 2706 1254 2789 γέλωτα
1266 2735 1294 2776 εο

241 2808 386 2879 ἐνεποίει
407 2814 497 2899 παρὰ
519 2811 646 2877 σκοιιὸν
668 2821 738 2888 τοῖς
764 2812 937 2895 πάσχουσι.
981 2816 1108 2896 γίνεται
1135 2808 1173 2879 δὲ
1198 2812 1252 2880 καὶ

240 2926 307 2984 νῦν
330 2917 384 2984 ἐπὶ
407 2919 564 3005 Σαρδοῦς
586 2926 644 3001 τῆς
671 2920 777 3001 νήσου
803 2917 981 3004 ἡτοιαύτη
1004 2921 1143 3005 βοτιίνη,
1171 2921 1253 2988 ὅθεν

238 3023 295 3091 καὶ
317 3027 513 3111 Σαρδόνιον
539 3023 667 3108 γέλωτά
693 3041 806 3108 φασιν.
851 3026 953 3090 ἔνθεν
979 3025 1039 3092 τὸν
1066 3028 1253 3113 Ταρκύνιον

240 3130 443 3216 Σούπερβον
466 3127 541 3196 ἀντὶ
563 3139 623 3196 τοῦ
647 3129 756 3214 ἀιιηνῆ
779 3126 835 3195 καὶ
854 3129 945 3215 ὠμὸν
969 3129 1122 3199 ἐκάλουν·
1152 3130 1253 3200 οὐδὲν

239 3230 278 3300 δὲ
307 3235 351 3301 διν
377 3234 466 3303 τέκοι
492 3247 589 3322 μῖσος
616 3237 660 3312 ὡς
686 3245 798 3301 ταῦτα.
843 3233 951 3320 ἐκείνη
977 3240 1094 3304 τοίνυν
1119 3238 1141 3323 ἡ
1165 3243 1252 3307 Λου-
1265 3265 1292 3308 ετ

237 3344 367 3426 κρητία,
390 3346 563 3425 κρείττονα
580 3342 642 3425 τήν
665 3341 888 3428 σωφροσύνην
909 3350 968 3426 της
989 3345 1160 3428 βασιλικῆς
1181 3346 1249 3432 δμι·

311 3623 335 3660 v.
353 3611 367 3658 1
388 3602 431 3660 δτι
445 3610 510 3659 -2
529 3600 695 3675 δημιουργοί
713 3602 792 3658 omis.
807 3603 840 3658 X
898 3610 990 3661 4τῶν
1007 3606 1085 3663 omis.
1099 3609 1128 3662 B
1188 3610 1252 3665 ἵαλ

238 3673 284 3748 δὲ]
303 3674 335 3731 δὲ
354 3675 432 3732 omis,
451 3676 480 3730 B
516 3672 560 3730 δτι
573 3672 704 3744 Ῥωμανοι
721 3673 772 3737 τὰς
791 3675 937 3743 σώφρονας
954 3687 1090 3747 γυναῖκας
1106 3682 1252 3750 ματρώνας

239 3745 374 3815 ἐκάλουν,
397 3746 426 3802 ολ
448 3745 479 3803 δὲ
548 3748 629 3816 ληνες
652 3743 877 3814 οἰκοδεσποίνας,
902 3745 933 3800 αλ
957 3757 1084 3807 τοιοῦτον
1098 3782 1133 3792 -
1148 3756 1182 3806 12
1200 3773 1251 3822 μα-

220 3815 374 3944 τρυιρέκια
392 3821 525 3944 μαλῗσιν
544 3816 644 3887 Georg.
664 3814 778 3871 Oedten.
796 3814 862 3871 hist.
884 3833 971 3889 comp.
989 3837 1017 3890 p.
1032 3827 1096 3892 296,
1112 3827 1145 3876 11
1164 3822 1250 3880 Bonn.

240 3894 275 3943 17
345 3905 424 3945 oms.
