3074 4598
661 540 867 597 PRAEFATIO
1134 542 1265 599 ,LXXXV

326 713 440 784 Quibus
469 713 557 773 rebus
587 706 717 769 narratis
746 709 911 768 tractatum
940 707 976 767 de
1006 709 1070 786 ipso
1095 727 1192 768 mense
1221 729 1267 769 ex·

255 804 359 864 hausit
380 800 495 877 Lydus,
516 801 639 875 iamque
661 796 745 854 ultra
767 815 939 875 progressus
962 796 1057 858 dicere
1079 795 1211 857 instituit
1232 798 1267 857 de

257 889 467 950 distributione
485 887 628 962 temporis
647 883 690 955 εἰς
707 883 813 963 αἰῶνα,
833 884 873 959 εἰς
892 885 1010 967 χρόνον,
1032 884 1075 958 εἰς
1091 883 1201 965 καιρόν,
1224 885 1265 959 εἰς

258 976 396 1040 ἐνιαυτόν
419 967 539 1056 (515),
563 992 690 1053 quorum
712 970 820 1054 χρόνον
842 977 872 1033 et
894 973 999 1056 καιρὸν
1021 973 1122 1036 statim
1141 974 1268 1052 expedit,

259 1065 336 1128 αἰὼν
358 1084 428 1126 vero
450 1065 498 1124 illi
521 1065 567 1123 est
588 1059 709 1142 insipie
726 1084 771 1134 τις
789 1065 847 1120 τῶν
865 1061 1015 1144 οὐρανίων
1033 1062 1171 1143 σωμάτιον
1188 1083 1268 1144 περι-

258 1154 383 1232 πόλησις
406 1148 426 1230 ἦ
449 1152 543 1214 αὐτοῦ
561 1160 614 1213 τοῦ
632 1148 744 1223 παντὸς
763 1147 893 1231 οὐρανοῦ
912 1151 1055 1232 παντελὴς
1074 1149 1268 1230 ἀνακύκλησις

259 1237 301 1325 (p.
324 1239 463 1323 55,17):
488 1261 503 1302 e
527 1261 588 1319 qua
611 1239 783 1301 definitione
806 1238 936 1299 decurrit
958 1240 997 1298 ad
1019 1242 1177 1301 errantium
1199 1242 1268 1301 stel-

257 1334 358 1392 larum
389 1331 543 1412 περίοδον,
576 1349 653 1409 quae
684 1331 803 1404 partem
833 1327 907 1388 facit
938 1328 1025 1389 huius
1056 1329 1269 1411 περιποιήσεως

257 1440 379 1498 quaque
403 1421 533 1482 efficitur
560 1437 657 1480 annus
686 1417 739 1494 qui
766 1419 891 1477 vocatur
912 1435 1040 1494 magnus
1063 1409 1096 1499 (ἕ
1116 1416 1177 1498 16).
1223 1423 1267 1480 at·

257 1530 315 1587 que
344 1510 405 1570 iam
431 1514 540 1585 restat,
567 1512 602 1569 ut
627 1507 774 1584 promisso
804 1503 882 1582 §15
913 1505 984 1566 dato
1011 1508 1071 1567 stet
1091 1504 1268 1567 Laurentius

257 1599 397 1677 dicatque
420 1601 456 1660 de
480 1618 573 1674 anno,
601 1615 726 1672 cumque
748 1595 781 1654 in
807 1594 886 1671 libri·
903 1594 990 1655 initio
1014 1595 1050 1656 de
1077 1596 1145 1655 anni
1167 1615 1267 1656 secun-

257 1689 329 1749 dnm
365 1691 552 1750 astronomos
585 1683 757 1747 definitione
794 1684 888 1764 egerit
920 1688 951 1744 et
986 1683 1022 1745 de
1053 1702 1128 1744 anno
1159 1703 1268 1764 magro

258 1772 293 1860 (ἓ
315 1770 381 1860 16),
403 1779 540 1855 superest
562 1779 599 1836 nt
621 1775 702 1834 dicat
725 1775 761 1834 de
785 1792 861 1834 anno
885 1772 975 1833 civili.
1015 1773 1096 1835 ouius
1117 1773 1196 1833 initii
1218 1772 1267 1834 de·

257 1866 449 1942 scriptionem
479 1864 565 1942 §17
593 1864 767 1925 institutam
793 1882 861 1924 mor
888 1863 1034 1941 relinquit
1060 1862 1267 1923 considerando

257 1972 307 2014 eos
334 1956 446 2030 motus,
480 1955 532 2031 qui
559 1953 591 2012 in
620 1952 701 2013 caelo
730 1955 801 2012 sunt
823 1945 1018 2034 (§18.19);
1044 1952 1141 2030 pergit
1164 1952 1267 2013 deinde

257 2043 293 2102 de
325 2059 402 2101 anuo
434 2041 515 2117 apud
541 2040 641 2117 Lydos
670 2038 719 2098 dei
747 2041 813 2099 loco
841 2039 945 2099 habito
974 2031 1009 2120 (ξ
1028 2033 1083 2122 20)
1113 2045 1143 2102 et
1169 2037 1209 2115 ὡς
1235 2039 1267 2102 ἓν

255 2128 378 2214 παρόδῳ
402 2127 438 2189 de
455 2129 538 2187 Pane
562 2129 617 2189 deo
641 2127 722 2203 apud
739 2127 838 2203 Lydos
862 2128 943 2188 culto
968 2119 1002 2208 (ἓ
1022 2126 1090 2208 21);
1110 2132 1174 2189 tum
1196 2149 1266 2190 vero

256 2217 427 2297 regreditur
450 2217 489 2276 ad
512 2235 579 2276 eam
600 2215 696 2290 viam,
724 2214 802 2275 unde
825 2214 953 2291 deflexit,
975 2221 1134 2294 narratque
1156 2237 1267 2277 annum

256 2307 295 2368 ab
319 2306 455 2367 omnibus
478 2305 598 2384 populis
620 2305 652 2363 in
676 2303 831 2364 duodecim
848 2323 963 2364 menses
983 2304 1128 2380 distribui,
1150 2325 1266 2366 eorum-

256 2416 315 2474 que
336 2395 468 2456 diversos
494 2394 651 2455 nobiseum
678 2392 878 2452 communicat
904 2393 1026 2454 nomina
1054 2390 1086 2472 (ἓ
1105 2390 1174 2473 22);
1202 2395 1267 2472 qni·

255 2485 312 2545 bus
336 2484 481 2544 enarratis
511 2484 550 2541 ad
577 2483 650 2541 anni
676 2481 811 2556 initium,
840 2482 925 2542 cuins
953 2486 1091 2543 naturam
1113 2481 1138 2558 ξ·
1155 2486 1196 2544 17
1220 2503 1266 2544 ex-

256 2573 381 2649 planare
405 2575 552 2648 coeperat,
575 2570 655 2630 redit
676 2572 708 2629 et
727 2569 763 2630 de
781 2569 877 2630 tribus
896 2571 968 2630 anni
985 2572 1079 2632 initiis
1097 2572 1168 2650 agit,
1190 2591 1267 2649 quae

257 2660 493 2721 observabantur
506 2678 524 2719 a
538 2659 690 2733 Romanis,
709 2659 822 2719 saorale
835 2659 969 2736 patrium
983 2661 1137 2737 cyclicum:
1155 2662 1266 2722 sacrale

255 2749 399 2809 Kalendis
430 2749 594 2824 ianuariis,
625 2746 759 2824 patrium
790 2746 931 2808 Kalendis
961 2747 1091 2824 Martiis,
1125 2749 1265 2827 cyclicum

254 2838 399 2898 Kalendis
418 2837 652 2915 Septembribus,
677 2855 803 2913 quorum
825 2837 879 2898 hoo
901 2837 1042 2897 ultimum
1063 2838 1181 2898 initium
1201 2841 1266 2899 erat

254 2926 441 3003 indictionis,
466 2945 526 3004 qua
550 2928 782 2988 commemorata
805 2925 961 3002 adipsum
983 2925 1200 2988 describendam
1221 2928 1266 2988 in·

255 3016 416 3076 dictionem
439 3034 457 3075 a
481 3014 602 3074 Graecis
625 3010 798 3092 ἐπινέμησιν
824 3017 961 3074 vocatam
979 3016 1118 3076 excurrit:
1141 3035 1200 3095 quo
1219 3036 1266 3076 ex·

255 3123 347 3164 cursu
372 3105 523 3179 expletur,
557 3102 637 3180 quod
659 3102 748 3162 huius
771 3102 840 3161 libri
865 3103 1015 3179 reliquum
1037 3106 1082 3164 est
1107 3124 1198 3182 usque
1227 3105 1266 3164 ad

252 3191 346 3252 finem
366 3191 549 3270 paragraphi
576 3191 739 3269 vigesimae
765 3191 880 3250 tertiae.
927 3194 1018 3267 atque
1040 3193 1120 3251 tertii
1147 3211 1264 3270 quoque

254 3279 328 3338 libri
348 3282 396 3339 tot
424 3281 594 3357 fragmenta
617 3281 770 3354 superesse
793 3279 970 3355 putaverim,
996 3283 1033 3340 ut
1054 3280 1150 3359 qualis
1173 3300 1265 3358 quon-

255 3368 326 3427 dam
351 3367 471 3446 integer
497 3367 590 3426 fuerit
615 3365 704 3426 facile
732 3367 832 3425 animo
862 3366 974 3446 fingere
1001 3369 1085 3430 nobis
1110 3370 1264 3446 possimus.

322 3453 435 3526 Quibus
453 3455 625 3533 praemissis
640 3454 678 3513 ad
693 3472 760 3514 eam
779 3473 870 3532 quam
887 3456 1007 3533 proprie
1026 3457 1082 3518 sibi
1099 3461 1265 3536 sumpserat

251 3544 413 3604 materiam
435 3543 611 3623 aggreditur
633 3542 758 3620 agitque
781 3544 813 3602 in
835 3563 870 3604 eo
891 3544 978 3620 libro,
1002 3566 1090 3623 quem
1110 3565 1264 3607 numerare

253 3634 383 3693 solemus
408 3636 556 3710 quartum,
580 3631 616 3692 de
638 3631 767 3708 singulis
789 3631 938 3693 mensibus
961 3632 1146 3711 Laurentius,
1167 3637 1212 3695 ita
1228 3640 1264 3695 ut

252 3722 286 3781 in
310 3722 465 3782 duodecim
492 3723 594 3798 pantes
622 3719 776 3780 dividatur
802 3720 849 3780 hic
876 3721 965 3799 liber,
995 3724 1098 3784 harum
1123 3724 1263 3800 partium,

253 3814 291 3870 nt
313 3810 377 3871 fieri
400 3811 490 3887 solet,
517 3809 556 3870 ab
579 3809 827 3887 epitomatoribus
849 3810 945 3870 fusius
970 3813 1000 3871 et
1023 3813 1192 3890 diligentius
1215 3832 1262 3872 ex·

253 3903 374 3977 cerptae
397 3904 469 3961 sunt
490 3899 618 3977 priores,
644 3897 766 3958 brevius
794 3903 824 3958 et
849 3900 1056 3978 neglegentius
1078 3901 1262 3978 posteriores,
