<?xml version="1.0" encoding="UTF-8"?>
<!DOCTYPE html PUBLIC "-//W3C//DTD XHTML 1.0 Transitional//EN"
    "http://www.w3.org/TR/xhtml1/DTD/xhtml1-transitional.dtd">
<html xmlns="http://www.w3.org/1999/xhtml" xml:lang="en" lang="en">
 <head>
  <title>
</title>
<meta http-equiv="Content-Type" content="text/html;charset=utf-8" />
  <meta name='ocr-system' content='tesseract 3.04.00' />
  <meta name='ocr-capabilities' content='ocr_page ocr_carea ocr_par ocr_line ocrx_word'/>
</head>
<body>
  <div class='ocr_page' id='page_1' title='image "./ioannislaurenti00wuengoog_0018.png"; bbox 0 0 3074 4598; ppageno 0'>
   <div class='ocr_carea' id='block_1_1' title="bbox 668 521 1275 587">
    <p class='ocr_par' dir='ltr' id='par_1_1' title="bbox 668 521 1275 587">
     <span class='ocr_line' id='line_1_1' title="bbox 668 521 1275 587; baseline -0.015 -2"><span class='ocrx_word' id='word_1_1' title='bbox 668 527 874 585; x_wconf 78' lang='lat' dir='ltr'>PRAEFATIO</span> <span class='ocrx_word' id='word_1_2' title='bbox 1235 521 1275 587; x_wconf 76' lang='lat' dir='ltr'><strong>IX</strong></span> 
     </span>
    </p>
   </div>
   <div class='ocr_carea' id='block_1_2' title="bbox 489 697 1048 760">
    <p class='ocr_par' dir='ltr' id='par_1_2' title="bbox 489 697 1048 760">
     <span class='ocr_line' id='line_1_2' title="bbox 489 697 1048 760; baseline -0.009 0"><span class='ocrx_word' id='word_1_3' title='bbox 489 697 525 760; x_wconf 83' lang='lat' dir='ltr'><strong>O¹</strong></span> <span class='ocrx_word' id='word_1_4' title='bbox 1020 697 1048 755; x_wconf 89' lang='lat' dir='ltr'>Y</span> 
     </span>
    </p>
   </div>
   <div class='ocr_carea' id='block_1_3' title="bbox 260 816 1272 991">
    <p class='ocr_par' dir='ltr' id='par_1_3' title="bbox 260 816 1272 991">
     <span class='ocr_line' id='line_1_3' title="bbox 260 816 1272 906; baseline -0.004 -20"><span class='ocrx_word' id='word_1_5' title='bbox 260 821 376 906; x_wconf 78' lang='grc' dir='ltr'><strong><em>θυ&gt;σίμ</em></strong></span> <span class='ocrx_word' id='word_1_6' title='bbox 399 821 585 900; x_wconf 77' lang='grc' dir='ltr'><strong><em>δεξιούμενοι</em></strong></span> <span class='ocrx_word' id='word_1_7' title='bbox 607 817 657 880; x_wconf 77' lang='lat' dir='ltr'><strong>acl</strong></span> <span class='ocrx_word' id='word_1_8' title='bbox 681 827 742 901; x_wconf 97' lang='grc' dir='ltr'><strong>πῦρ</strong></span> <span class='ocrx_word' id='word_1_9' title='bbox 797 816 847 879; x_wconf 72' lang='lat' dir='ltr'><strong>cot</strong></span> <span class='ocrx_word' id='word_1_10' title='bbox 878 818 926 880; x_wconf 68' lang='lat' dir='ltr'><strong>td</strong></span> <span class='ocrx_word' id='word_1_11' title='bbox 957 827 1010 880; x_wconf 89' lang='grc' dir='ltr'><strong>τοῦ</strong></span> <span class='ocrx_word' id='word_1_12' title='bbox 1041 818 1134 900; x_wconf 88' lang='grc' dir='ltr'><strong><em>πυρὸς</em></strong></span> <span class='ocrx_word' id='word_1_13' title='bbox 1171 818 1272 895; x_wconf 76' lang='grc' dir='ltr'><strong><em>αὐτοῖς</em></strong></span> 
     </span>
     <span class='ocr_line' id='line_1_4' title="bbox 261 903 1272 991; baseline -0.005 -18"><span class='ocrx_word' id='word_1_14' title='bbox 261 911 403 991; x_wconf 69' lang='grc' dir='ltr'><strong><em>ἄσβεστον</em></strong></span> <span class='ocrx_word' id='word_1_15' title='bbox 442 907 567 989; x_wconf 85' lang='grc' dir='ltr'><strong><em>αῦ&lt;τοῖς</em></strong></span> <span class='ocrx_word' id='word_1_16' title='bbox 608 903 742 988; x_wconf 81' lang='grc' dir='ltr'><strong><em>ἀνα&gt;φὶ-</em></strong></span> <span class='ocrx_word' id='word_1_17' title='bbox 798 905 1065 982; x_wconf 76' lang='grc' dir='ltr'><strong><em>ἀπαθανατίζοντες</em></strong></span> <span class='ocrx_word' id='word_1_18' title='bbox 1099 907 1151 981; x_wconf 79' lang='grc' dir='ltr'><strong>τὰς</strong></span> <span class='ocrx_word' id='word_1_19' title='bbox 1187 907 1272 987; x_wconf 83' lang='grc' dir='ltr'><strong><em>τιμὰς</em></strong></span> 
     </span>
    </p>
   </div>
   <div class='ocr_carea' id='block_1_4' title="bbox 258 992 1272 1322">
    <p class='ocr_par' dir='ltr' id='par_1_4' title="bbox 261 992 1271 1083">
     <span class='ocr_line' id='line_1_5' title="bbox 261 992 1271 1083; baseline -0.002 -22"><span class='ocrx_word' id='word_1_20' title='bbox 261 1021 361 1083; x_wconf 85' lang='grc' dir='ltr'><strong><em>ροντες</em></strong></span> <span class='ocrx_word' id='word_1_21' title='bbox 375 996 415 1072; x_wconf 81' lang='grc' dir='ltr'><strong>ὡς</strong></span> <span class='ocrx_word' id='word_1_22' title='bbox 432 997 468 1061; x_wconf 70' lang='grc' dir='ltr'><strong>ὃν</strong></span> <span class='ocrx_word' id='word_1_23' title='bbox 483 992 607 1076; x_wconf 86' lang='grc' dir='ltr'><strong><em>αῦτο&lt;ῖς</em></strong></span> <span class='ocrx_word' id='word_1_24' title='bbox 622 992 742 1077; x_wconf 83' lang='grc' dir='ltr'><strong><em>ὁ&gt;μοιό-</em></strong></span> <span class='ocrx_word' id='word_1_25' title='bbox 797 994 847 1056; x_wconf 83' lang='grc' dir='ltr'><strong>καὶ</strong></span> <span class='ocrx_word' id='word_1_26' title='bbox 869 1006 928 1077; x_wconf 90' lang='grc' dir='ltr'><strong>πῦρ</strong></span> <span class='ocrx_word' id='word_1_27' title='bbox 950 995 984 1057; x_wconf 79' lang='grc' dir='ltr'><strong>ἐν</strong></span> <span class='ocrx_word' id='word_1_28' title='bbox 1005 1003 1071 1071; x_wconf 89' lang='grc' dir='ltr'><strong><em>τοῖς</em></strong></span> <span class='ocrx_word' id='word_1_29' title='bbox 1088 998 1176 1079; x_wconf 81' lang='grc' dir='ltr'><strong><em>ἱεροῖς</em></strong></span> <span class='ocrx_word' id='word_1_30' title='bbox 1197 995 1271 1076; x_wconf 77' lang='grc' dir='ltr'>ἐφύ-</span> 
     </span>
    </p>

    <p class='ocr_par' dir='ltr' id='par_1_5' title="bbox 258 1083 1272 1322">
     <span class='ocr_line' id='line_1_6' title="bbox 258 1083 1270 1165; baseline -0.005 -15"><span class='ocrx_word' id='word_1_31' title='bbox 258 1083 367 1150; x_wconf 83' lang='grc' dir='ltr'><strong><em>τατον.’</em></strong></span> <span class='ocrx_word' id='word_1_32' title='bbox 797 1087 900 1145; x_wconf 82' lang='grc' dir='ltr'><strong><em>λαντον</em></strong></span> <span class='ocrx_word' id='word_1_33' title='bbox 922 1084 1023 1160; x_wconf 80' lang='grc' dir='ltr'><strong><em>αὐτοῖς</em></strong></span> <span class='ocrx_word' id='word_1_34' title='bbox 1045 1084 1206 1165; x_wconf 77' lang='grc' dir='ltr'><strong><em>ἀθάνατον,</em></strong></span> <span class='ocrx_word' id='word_1_35' title='bbox 1230 1083 1270 1160; x_wconf 78' lang='grc' dir='ltr'><strong>ὡς</strong></span> 
     </span>
     <span class='ocr_line' id='line_1_7' title="bbox 797 1171 1272 1256; baseline 0.004 -22"><span class='ocrx_word' id='word_1_36' title='bbox 797 1171 833 1234; x_wconf 66' lang='grc' dir='ltr'><strong>ὃν</strong></span> <span class='ocrx_word' id='word_1_37' title='bbox 871 1172 992 1251; x_wconf 78' lang='grc' dir='ltr'><strong><em>μάλιστα</em></strong></span> <span class='ocrx_word' id='word_1_38' title='bbox 1034 1175 1133 1249; x_wconf 79' lang='grc' dir='ltr'><strong><em>αὐτοῖς</em></strong></span> <span class='ocrx_word' id='word_1_39' title='bbox 1171 1172 1272 1256; x_wconf 81' lang='grc' dir='ltr'><strong><em>ὅμοιό-</em></strong></span> 
     </span>
     <span class='ocr_line' id='line_1_8' title="bbox 796 1257 903 1322; baseline -0.009 -1"><span class='ocrx_word' id='word_1_40' title='bbox 796 1257 903 1322; x_wconf 87' lang='grc' dir='ltr'><strong><em>τατον.’</em></strong></span> 
     </span>
    </p>
   </div>
   <div class='ocr_carea' id='block_1_5' title="bbox 241 1385 1272 3682">
    <p class='ocr_par' dir='ltr' id='par_1_6' title="bbox 241 1385 1272 3682">
     <span class='ocr_line' id='line_1_9' title="bbox 326 1385 1272 1473; baseline 0 -23"><span class='ocrx_word' id='word_1_41' title='bbox 326 1393 398 1450; x_wconf 88' lang='lat' dir='ltr'><strong>suut</strong></span> <span class='ocrx_word' id='word_1_42' title='bbox 421 1393 524 1450; x_wconf 85' lang='lat' dir='ltr'><strong>autem</strong></span> <span class='ocrx_word' id='word_1_43' title='bbox 544 1387 705 1466; x_wconf 78' lang='lat' dir='ltr'><strong>Porphyrii</strong></span> <span class='ocrx_word' id='word_1_44' title='bbox 727 1387 820 1447; x_wconf 78' lang='lat' dir='ltr'><strong>verba</strong></span> <span class='ocrx_word' id='word_1_45' title='bbox 843 1387 878 1446; x_wconf 89' lang='lat' dir='ltr'><strong>de</strong></span> <span class='ocrx_word' id='word_1_46' title='bbox 896 1387 971 1446; x_wconf 84' lang='lat' dir='ltr'><strong>abst.</strong></span> <span class='ocrx_word' id='word_1_47' title='bbox 989 1385 1073 1464; x_wconf 60' lang='lat' dir='ltr'><strong>lis:</strong></span> <span class='ocrx_word' id='word_1_48' title='bbox 1095 1386 1184 1473; x_wconf 73' lang='grc' dir='ltr'><strong><em>ταύτῃ</em></strong></span> <span class='ocrx_word' id='word_1_49' title='bbox 1202 1388 1272 1463; x_wconf 78' lang='grc' dir='ltr'><strong><em>τοὺς</em></strong></span> 
     </span>
     <span class='ocr_line' id='line_1_10' title="bbox 259 1473 1270 1560; baseline -0.001 -22"><span class='ocrx_word' id='word_1_50' title='bbox 259 1477 462 1559; x_wconf 77' lang='grc' dir='ltr'><strong><em>φαινομένους</em></strong></span> <span class='ocrx_word' id='word_1_51' title='bbox 484 1478 645 1560; x_wconf 81' lang='grc' dir='ltr'><strong><em>οὐρανίους</em></strong></span> <span class='ocrx_word' id='word_1_52' title='bbox 666 1473 760 1548; x_wconf 76' lang='grc' dir='ltr'><strong><em>θεοὺς</em></strong></span> <span class='ocrx_word' id='word_1_53' title='bbox 782 1485 819 1560; x_wconf 68' lang='grc' dir='ltr'><strong>τῇ</strong></span> <span class='ocrx_word' id='word_1_54' title='bbox 841 1475 933 1558; x_wconf 72' lang='grc' dir='ltr'><strong><em>θυσίᾳ</em></strong></span> <span class='ocrx_word' id='word_1_55' title='bbox 951 1474 1133 1554; x_wconf 81' lang='grc' dir='ltr'><strong><em>δεξιούμενοι</em></strong></span> <span class='ocrx_word' id='word_1_56' title='bbox 1149 1474 1200 1537; x_wconf 84' lang='grc' dir='ltr'><strong><em>καὶ</em></strong></span> <span class='ocrx_word' id='word_1_57' title='bbox 1217 1487 1270 1538; x_wconf 89' lang='grc' dir='ltr'><strong>τοῦ</strong></span> 
     </span>
     <span class='ocr_line' id='line_1_11' title="bbox 258 1562 1271 1649; baseline -0.003 -20"><span class='ocrx_word' id='word_1_58' title='bbox 258 1566 354 1649; x_wconf 87' lang='grc' dir='ltr'><strong><em>πυρὸς</em></strong></span> <span class='ocrx_word' id='word_1_59' title='bbox 377 1566 647 1641; x_wconf 80' lang='grc' dir='ltr'><strong><em>ἀπαθανατίζοντες</em></strong></span> <span class='ocrx_word' id='word_1_60' title='bbox 669 1564 770 1636; x_wconf 81' lang='grc' dir='ltr'><strong><em>αὐτοῖς</em></strong></span> <span class='ocrx_word' id='word_1_61' title='bbox 794 1562 845 1638; x_wconf 82' lang='grc' dir='ltr'><strong>τὰς</strong></span> <span class='ocrx_word' id='word_1_62' title='bbox 872 1563 964 1642; x_wconf 84' lang='grc' dir='ltr'><strong><em>τιμάς.</em></strong></span> <span class='ocrx_word' id='word_1_63' title='bbox 1009 1563 1121 1639; x_wconf 81' lang='grc' dir='ltr'><strong><em>τούτοις</em></strong></span> <span class='ocrx_word' id='word_1_64' title='bbox 1143 1563 1199 1645; x_wconf 81' lang='grc' dir='ltr'><strong>γὰρ</strong></span> <span class='ocrx_word' id='word_1_65' title='bbox 1221 1564 1271 1626; x_wconf 79' lang='grc' dir='ltr'><strong>καὶ</strong></span> 
     </span>
     <span class='ocr_line' id='line_1_12' title="bbox 259 1649 1272 1739; baseline -0.005 -20"><span class='ocrx_word' id='word_1_66' title='bbox 259 1657 291 1720; x_wconf 91' lang='grc' dir='ltr'><strong>τὸ</strong></span> <span class='ocrx_word' id='word_1_67' title='bbox 314 1666 374 1739; x_wconf 88' lang='grc' dir='ltr'><strong>πῦρ</strong></span> <span class='ocrx_word' id='word_1_68' title='bbox 398 1655 552 1719; x_wconf 79' lang='grc' dir='ltr'><strong><em>ἀθάνατον</em></strong></span> <span class='ocrx_word' id='word_1_69' title='bbox 575 1654 760 1735; x_wconf 75' lang='grc' dir='ltr'><strong><em>φυλάττομεν</em></strong></span> <span class='ocrx_word' id='word_1_70' title='bbox 783 1650 816 1714; x_wconf 75' lang='grc' dir='ltr'><strong>ἓν</strong></span> <span class='ocrx_word' id='word_1_71' title='bbox 838 1656 897 1725; x_wconf 93' lang='grc' dir='ltr'><strong><em>τοῖς</em></strong></span> <span class='ocrx_word' id='word_1_72' title='bbox 915 1652 1015 1733; x_wconf 81' lang='grc' dir='ltr'><strong><em>ἱεροῖς,</em></strong></span> <span class='ocrx_word' id='word_1_73' title='bbox 1038 1649 1078 1726; x_wconf 83' lang='grc' dir='ltr'><strong>ὦς</strong></span> <span class='ocrx_word' id='word_1_74' title='bbox 1095 1652 1131 1716; x_wconf 72' lang='grc' dir='ltr'><strong>ὃν</strong></span> <span class='ocrx_word' id='word_1_75' title='bbox 1148 1653 1272 1732; x_wconf 79' lang='grc' dir='ltr'><strong><em>μάλιστα</em></strong></span> 
     </span>
     <span class='ocr_line' id='line_1_13' title="bbox 258 1742 1270 1826; baseline -0.004 -18"><span class='ocrx_word' id='word_1_76' title='bbox 258 1747 360 1821; x_wconf 77' lang='grc' dir='ltr'><strong><em>αὐτοῖς</em></strong></span> <span class='ocrx_word' id='word_1_77' title='bbox 374 1744 558 1826; x_wconf 78' lang='grc' dir='ltr'><strong><em>ὁμοιότατον,</em></strong></span> <span class='ocrx_word' id='word_1_78' title='bbox 581 1744 725 1823; x_wconf 82' lang='lat' dir='ltr'>equibus</span> <span class='ocrx_word' id='word_1_79' title='bbox 745 1744 880 1821; x_wconf 83' lang='lat' dir='ltr'><strong>apparet,</strong></span> <span class='ocrx_word' id='word_1_80' title='bbox 901 1762 970 1803; x_wconf 82' lang='lat' dir='ltr'><strong>vere</strong></span> <span class='ocrx_word' id='word_1_81' title='bbox 984 1742 1189 1820; x_wconf 77' lang='lat' dir='ltr'><strong>Porphyriana</strong></span> <span class='ocrx_word' id='word_1_82' title='bbox 1208 1763 1270 1804; x_wconf 90' lang='lat' dir='ltr'><strong>esse</strong></span> 
     </span>
     <span class='ocr_line' id='line_1_14' title="bbox 258 1829 1270 1914; baseline -0.004 -18"><span class='ocrx_word' id='word_1_83' title='bbox 258 1855 307 1910; x_wconf 86' lang='lat' dir='ltr'><strong>ea,</strong></span> <span class='ocrx_word' id='word_1_84' title='bbox 339 1856 417 1913; x_wconf 86' lang='lat' dir='ltr'><strong>quae</strong></span> <span class='ocrx_word' id='word_1_85' title='bbox 447 1838 592 1914; x_wconf 83' lang='lat' dir='ltr'><strong>leguntur</strong></span> <span class='ocrx_word' id='word_1_86' title='bbox 613 1835 644 1893; x_wconf 88' lang='lat' dir='ltr'><strong>in</strong></span> <span class='ocrx_word' id='word_1_87' title='bbox 666 1833 695 1893; x_wconf 89' lang='lat' dir='ltr'>Y</span> <span class='ocrx_word' id='word_1_88' title='bbox 717 1838 748 1893; x_wconf 87' lang='lat' dir='ltr'><strong>et</strong></span> <span class='ocrx_word' id='word_1_89' title='bbox 778 1833 886 1892; x_wconf 87' lang='lat' dir='ltr'><strong>desunt</strong></span> <span class='ocrx_word' id='word_1_90' title='bbox 911 1832 943 1891; x_wconf 90' lang='lat' dir='ltr'><strong>in</strong></span> <span class='ocrx_word' id='word_1_91' title='bbox 971 1829 1009 1892; x_wconf 85' lang='lat'><strong>0:</strong></span> <span class='ocrx_word' id='word_1_92' title='bbox 1040 1832 1101 1892; x_wconf 90' lang='lat' dir='ltr'><strong>iam</strong></span> <span class='ocrx_word' id='word_1_93' title='bbox 1129 1852 1199 1893; x_wconf 88' lang='lat' dir='ltr'><strong>vero</strong></span> <span class='ocrx_word' id='word_1_94' title='bbox 1226 1851 1270 1892; x_wconf 87' lang='lat' dir='ltr'><strong>se·</strong></span> 
     </span>
     <span class='ocr_line' id='line_1_15' title="bbox 259 1920 1269 2002; baseline 0 -20"><span class='ocrx_word' id='word_1_95' title='bbox 259 1925 365 2002; x_wconf 89' lang='lat' dir='ltr'><strong>quitur</strong></span> <span class='ocrx_word' id='word_1_96' title='bbox 387 1956 430 1965; x_wconf 92' lang='lat'><strong>-—</strong></span> <span class='ocrx_word' id='word_1_97' title='bbox 457 1924 516 1983; x_wconf 88' lang='lat' dir='ltr'><strong>nisi</strong></span> <span class='ocrx_word' id='word_1_98' title='bbox 543 1925 621 1983; x_wconf 80' lang='lat' dir='ltr'><strong>forte</strong></span> <span class='ocrx_word' id='word_1_99' title='bbox 651 1941 767 1982; x_wconf 89' lang='lat' dir='ltr'><strong>sumere</strong></span> <span class='ocrx_word' id='word_1_100' title='bbox 798 1921 905 1996; x_wconf 81' lang='lat' dir='ltr'><strong>mavis,</strong></span> <span class='ocrx_word' id='word_1_101' title='bbox 938 1939 956 1979; x_wconf 88' lang='lat' dir='ltr'><strong>a</strong></span> <span class='ocrx_word' id='word_1_102' title='bbox 982 1921 1111 1983; x_wconf 79' lang='lat' dir='ltr'><strong>Maximo</strong></span> <span class='ocrx_word' id='word_1_103' title='bbox 1133 1920 1269 1982; x_wconf 89' lang='lat' dir='ltr'><strong>Plauude</strong></span> 
     </span>
     <span class='ocr_line' id='line_1_16' title="bbox 256 2009 1270 2090; baseline -0.001 -19"><span class='ocrx_word' id='word_1_104' title='bbox 256 2013 357 2090; x_wconf 86' lang='lat' dir='ltr'><strong>ipsum</strong></span> <span class='ocrx_word' id='word_1_105' title='bbox 378 2012 580 2088; x_wconf 80' lang='lat' dir='ltr'><strong>Porphyrium</strong></span> <span class='ocrx_word' id='word_1_106' title='bbox 603 2011 772 2069; x_wconf 87' lang='lat' dir='ltr'><strong>adhibitum</strong></span> <span class='ocrx_word' id='word_1_107' title='bbox 795 2028 858 2069; x_wconf 89' lang='lat' dir='ltr'><strong>esse</strong></span> <span class='ocrx_word' id='word_1_108' title='bbox 880 2009 918 2068; x_wconf 92' lang='lat' dir='ltr'><strong>ad</strong></span> <span class='ocrx_word' id='word_1_109' title='bbox 940 2009 1106 2087; x_wconf 87' lang='lat' dir='ltr'><strong>supplenda</strong></span> <span class='ocrx_word' id='word_1_110' title='bbox 1124 2029 1168 2085; x_wconf 92' lang='lat' dir='ltr'><strong>ea,</strong></span> <span class='ocrx_word' id='word_1_111' title='bbox 1191 2030 1270 2088; x_wconf 89' lang='lat' dir='ltr'><strong>quae</strong></span> 
     </span>
     <span class='ocr_line' id='line_1_17' title="bbox 256 2098 1270 2176; baseline -0.002 -16"><span class='ocrx_word' id='word_1_112' title='bbox 256 2102 288 2160; x_wconf 87' lang='lat' dir='ltr'><strong>iu</strong></span> <span class='ocrx_word' id='word_1_113' title='bbox 312 2099 463 2160; x_wconf 80' lang='lat' dir='ltr'><strong>codicibus</strong></span> <span class='ocrx_word' id='word_1_114' title='bbox 491 2098 648 2159; x_wconf 89' lang='lat' dir='ltr'><strong>Laurentii</strong></span> <span class='ocrx_word' id='word_1_115' title='bbox 674 2098 865 2176; x_wconf 84' lang='lat' dir='ltr'><strong>legebantur:</strong></span> <span class='ocrx_word' id='word_1_116' title='bbox 894 2116 986 2174; x_wconf 88' lang='lat' dir='ltr'><strong>quam</strong></span> <span class='ocrx_word' id='word_1_117' title='bbox 1012 2099 1212 2158; x_wconf 85' lang='lat' dir='ltr'><strong>coniecturam</strong></span> <span class='ocrx_word' id='word_1_118' title='bbox 1235 2102 1270 2159; x_wconf 87' lang='lat' dir='ltr'><strong>ut</strong></span> 
     </span>
     <span class='ocr_line' id='line_1_18' title="bbox 255 2184 1270 2264; baseline -0.002 -15"><span class='ocrx_word' id='word_1_119' title='bbox 255 2189 344 2248; x_wconf 84' lang='lat' dir='ltr'><strong>nimis</strong></span> <span class='ocrx_word' id='word_1_120' title='bbox 371 2190 542 2249; x_wconf 86' lang='lat' dir='ltr'><strong>tortuosam</strong></span> <span class='ocrx_word' id='word_1_121' title='bbox 568 2205 737 2264; x_wconf 87' lang='lat' dir='ltr'><strong>parumque</strong></span> <span class='ocrx_word' id='word_1_122' title='bbox 767 2184 952 2262; x_wconf 88' lang='lat' dir='ltr'><strong>probabilem</strong></span> <span class='ocrx_word' id='word_1_123' title='bbox 981 2205 1100 2263; x_wconf 89' lang='lat' dir='ltr'><strong>prorsus</strong></span> <span class='ocrx_word' id='word_1_124' title='bbox 1127 2204 1270 2264; x_wconf 83' lang='lat' dir='ltr'>aspernor</span> 
     </span>
     <span class='ocr_line' id='line_1_19' title="bbox 256 2274 1267 2356; baseline 0 -20"><span class='ocrx_word' id='word_1_125' title='bbox 256 2309 298 2320; x_wconf 87' lang='lat'>-</span> <span class='ocrx_word' id='word_1_126' title='bbox 325 2277 427 2353; x_wconf 88' lang='lat' dir='ltr'><strong>ipsum</strong></span> <span class='ocrx_word' id='word_1_127' title='bbox 453 2276 625 2356; x_wconf 79' lang='lat' dir='ltr'><strong>Lydianum</strong></span> <span class='ocrx_word' id='word_1_128' title='bbox 655 2275 800 2350; x_wconf 80' lang='lat' dir='ltr'>codicem,</span> <span class='ocrx_word' id='word_1_129' title='bbox 833 2292 920 2352; x_wconf 88' lang='lat' dir='ltr'><strong>quem</strong></span> <span class='ocrx_word' id='word_1_130' title='bbox 952 2274 1081 2351; x_wconf 75' lang='lat' dir='ltr'><strong>inspexit</strong></span> <span class='ocrx_word' id='word_1_131' title='bbox 1109 2276 1267 2354; x_wconf 84' lang='lat' dir='ltr'><strong>Plauudcs,</strong></span> 
     </span>
     <span class='ocr_line' id='line_1_20' title="bbox 255 2361 1267 2444; baseline 0 -20"><span class='ocrx_word' id='word_1_132' title='bbox 255 2366 421 2444; x_wconf 81' lang='lat' dir='ltr'><strong>pleniorem</strong></span> <span class='ocrx_word' id='word_1_133' title='bbox 434 2365 527 2426; x_wconf 84' lang='lat' dir='ltr'><strong>fuisse</strong></span> <span class='ocrx_word' id='word_1_134' title='bbox 545 2384 637 2442; x_wconf 89' lang='lat' dir='ltr'><strong>quam</strong></span> <span class='ocrx_word' id='word_1_135' title='bbox 655 2383 735 2423; x_wconf 87' lang='lat' dir='ltr'><strong>nuno</strong></span> <span class='ocrx_word' id='word_1_136' title='bbox 753 2366 826 2422; x_wconf 84' lang='lat' dir='ltr'><strong>sunt</strong></span> <span class='ocrx_word' id='word_1_137' title='bbox 844 2361 950 2423; x_wconf 89' lang='lat' dir='ltr'><strong>codicis</strong></span> <span class='ocrx_word' id='word_1_138' title='bbox 966 2361 991 2424; x_wconf 93' lang='grc' dir='ltr'>Ο</span> <span class='ocrx_word' id='word_1_139' title='bbox 1009 2364 1161 2441; x_wconf 78' lang='lat' dir='ltr'><strong>reliquiae.</strong></span> <span class='ocrx_word' id='word_1_140' title='bbox 1195 2365 1267 2441; x_wconf 87' lang='lat' dir='ltr'><strong>quin</strong></span> 
     </span>
     <span class='ocr_line' id='line_1_21' title="bbox 255 2453 1268 2529; baseline 0.001 -15"><span class='ocrx_word' id='word_1_141' title='bbox 255 2455 347 2514; x_wconf 86' lang='lat' dir='ltr'><strong>etiam</strong></span> <span class='ocrx_word' id='word_1_142' title='bbox 368 2455 425 2515; x_wconf 91' lang='lat' dir='ltr'><strong>hoc</strong></span> <span class='ocrx_word' id='word_1_143' title='bbox 448 2456 514 2514; x_wconf 89' lang='lat' dir='ltr'><strong>luce</strong></span> <span class='ocrx_word' id='word_1_144' title='bbox 538 2457 584 2514; x_wconf 91' lang='lat' dir='ltr'><strong>est</strong></span> <span class='ocrx_word' id='word_1_145' title='bbox 606 2453 728 2529; x_wconf 85' lang='lat' dir='ltr'><strong>clarius,</strong></span> <span class='ocrx_word' id='word_1_146' title='bbox 756 2472 817 2512; x_wconf 93' lang='lat' dir='ltr'><strong>non</strong></span> <span class='ocrx_word' id='word_1_147' title='bbox 839 2455 948 2511; x_wconf 88' lang='lat' dir='ltr'><strong>temere</strong></span> <span class='ocrx_word' id='word_1_148' title='bbox 971 2453 1102 2514; x_wconf 87' lang='lat' dir='ltr'><strong>omisisse</strong></span> <span class='ocrx_word' id='word_1_149' title='bbox 1126 2453 1177 2514; x_wconf 90' lang='lat' dir='ltr'><strong>sed</strong></span> <span class='ocrx_word' id='word_1_150' title='bbox 1200 2472 1268 2514; x_wconf 90' lang='lat' dir='ltr'><strong>con·</strong></span> 
     </span>
     <span class='ocr_line' id='line_1_22' title="bbox 254 2533 1267 2603; baseline 0.002 -1"><span class='ocrx_word' id='word_1_151' title='bbox 254 2542 335 2603; x_wconf 87' lang='lat' dir='ltr'><strong>sulto</strong></span> <span class='ocrx_word' id='word_1_152' title='bbox 356 2543 388 2601; x_wconf 91' lang='lat' dir='ltr'><strong>in</strong></span> <span class='ocrx_word' id='word_1_153' title='bbox 409 2543 529 2603; x_wconf 79' lang='lat' dir='ltr'><strong>brevius</strong></span> <span class='ocrx_word' id='word_1_154' title='bbox 552 2533 754 2602; x_wconf 83' lang='lat' dir='ltr'><strong>contraxisse²</strong></span> <span class='ocrx_word' id='word_1_155' title='bbox 777 2544 809 2600; x_wconf 90' lang='lat' dir='ltr'><strong>et</strong></span> <span class='ocrx_word' id='word_1_156' title='bbox 826 2541 970 2600; x_wconf 88' lang='lat' dir='ltr'><strong>nonnulla</strong></span> <span class='ocrx_word' id='word_1_157' title='bbox 992 2541 1028 2600; x_wconf 90' lang='lat' dir='ltr'><strong>de</strong></span> <span class='ocrx_word' id='word_1_158' title='bbox 1046 2561 1100 2603; x_wconf 90' lang='lat' dir='ltr'><strong>suo</strong></span> <span class='ocrx_word' id='word_1_159' title='bbox 1119 2541 1267 2603; x_wconf 81' lang='lat' dir='ltr'><strong>addidisse</strong></span> 
     </span>
     <span class='ocr_line' id='line_1_23' title="bbox 256 2628 1267 2708; baseline 0.001 -18"><span class='ocrx_word' id='word_1_160' title='bbox 256 2650 326 2690; x_wconf 91' lang='lat' dir='ltr'><strong>eum</strong></span> <span class='ocrx_word' id='word_1_161' title='bbox 344 2631 397 2706; x_wconf 91' lang='lat' dir='ltr'><strong>qui</strong></span> <span class='ocrx_word' id='word_1_162' title='bbox 415 2631 547 2692; x_wconf 90' lang='lat' dir='ltr'><strong>codicem</strong></span> <span class='ocrx_word' id='word_1_163' title='bbox 561 2628 586 2691; x_wconf 93' lang='grc' dir='ltr'>Ο</span> <span class='ocrx_word' id='word_1_164' title='bbox 601 2629 777 2707; x_wconf 89' lang='lat' dir='ltr'><strong>conscripsit</strong></span> <span class='ocrx_word' id='word_1_165' title='bbox 794 2629 950 2689; x_wconf 90' lang='lat' dir='ltr'><strong>librarium</strong></span> <span class='ocrx_word' id='word_1_166' title='bbox 962 2630 1011 2690; x_wconf 85' lang='lat' dir='ltr'><strong>vel</strong></span> <span class='ocrx_word' id='word_1_167' title='bbox 1030 2631 1092 2691; x_wconf 90' lang='lat' dir='ltr'><strong>eius</strong></span> <span class='ocrx_word' id='word_1_168' title='bbox 1106 2633 1267 2708; x_wconf 76' lang='lat' dir='ltr'><strong>auctorem,</strong></span> 
     </span>
     <span class='ocr_line' id='line_1_24' title="bbox 254 2715 1268 2799; baseline 0.003 -22"><span class='ocrx_word' id='word_1_169' title='bbox 254 2718 367 2796; x_wconf 81' lang='lat' dir='ltr'><strong>quippe</strong></span> <span class='ocrx_word' id='word_1_170' title='bbox 386 2720 441 2796; x_wconf 89' lang='lat' dir='ltr'><strong>qui</strong></span> <span class='ocrx_word' id='word_1_171' title='bbox 463 2740 519 2796; x_wconf 88' lang='lat' dir='ltr'><strong>pro</strong></span> <span class='ocrx_word' id='word_1_172' title='bbox 541 2728 602 2799; x_wconf 90' lang='grc' dir='ltr'><strong>πῦρ</strong></span> <span class='ocrx_word' id='word_1_173' title='bbox 624 2716 657 2779; x_wconf 79' lang='grc' dir='ltr'><strong>ἐν</strong></span> <span class='ocrx_word' id='word_1_174' title='bbox 679 2722 740 2790; x_wconf 92' lang='grc' dir='ltr'><strong><em>τοῖς</em></strong></span> <span class='ocrx_word' id='word_1_175' title='bbox 764 2718 854 2799; x_wconf 82' lang='grc' dir='ltr'><strong><em>ἱεροῖς</em></strong></span> <span class='ocrx_word' id='word_1_176' title='bbox 880 2715 1041 2796; x_wconf 78' lang='grc' dir='ltr'><strong><em>ἐφύλαττον</em></strong></span> <span class='ocrx_word' id='word_1_177' title='bbox 1068 2719 1168 2793; x_wconf 78' lang='grc' dir='ltr'><strong><em>αὐτοῖς</em></strong></span> <span class='ocrx_word' id='word_1_178' title='bbox 1190 2717 1268 2780; x_wconf 79' lang='grc' dir='ltr'>ἀθά-</span> 
     </span>
     <span class='ocr_line' id='line_1_25' title="bbox 245 2803 1267 2889; baseline 0.001 -21"><span class='ocrx_word' id='word_1_179' title='bbox 245 2829 344 2868; x_wconf 89' lang='grc' dir='ltr'><strong><em>νατον</em></strong></span> <span class='ocrx_word' id='word_1_180' title='bbox 373 2809 510 2885; x_wconf 84' lang='lat' dir='ltr'><strong>pcsuen&#39;t</strong></span> <span class='ocrx_word' id='word_1_181' title='bbox 541 2818 602 2889; x_wconf 89' lang='grc' dir='ltr'><strong>πῦρ</strong></span> <span class='ocrx_word' id='word_1_182' title='bbox 633 2805 777 2888; x_wconf 80' lang='grc' dir='ltr'><strong><em>ι’ἱσβεστον</em></strong></span> <span class='ocrx_word' id='word_1_183' title='bbox 810 2806 909 2881; x_wconf 82' lang='grc' dir='ltr'><strong><em>αὐτοῖς</em></strong></span> <span class='ocrx_word' id='word_1_184' title='bbox 939 2803 1145 2889; x_wconf 78' lang='grc' dir='ltr'><strong><em>ἀναφέροντες.</em></strong></span> <span class='ocrx_word' id='word_1_185' title='bbox 1190 2829 1267 2886; x_wconf 89' lang='lat' dir='ltr'><strong>quae</strong></span> 
     </span>
     <span class='ocr_line' id='line_1_26' title="bbox 255 2896 1268 2975; baseline 0.003 -20"><span class='ocrx_word' id='word_1_186' title='bbox 255 2915 322 2956; x_wconf 89' lang='lat' dir='ltr'><strong>cum</strong></span> <span class='ocrx_word' id='word_1_187' title='bbox 334 2897 582 2974; x_wconf 76' lang='lat' dir='ltr'><strong>perspexerimus,</strong></span> <span class='ocrx_word' id='word_1_188' title='bbox 600 2898 657 2958; x_wconf 90' lang='lat' dir='ltr'><strong>hcc</strong></span> <span class='ocrx_word' id='word_1_189' title='bbox 670 2915 788 2974; x_wconf 85' lang='lat' dir='ltr'><strong>semper</strong></span> <span class='ocrx_word' id='word_1_190' title='bbox 800 2896 952 2956; x_wconf 90' lang='lat' dir='ltr'><strong>nobiscum</strong></span> <span class='ocrx_word' id='word_1_191' title='bbox 964 2900 1135 2975; x_wconf 86' lang='lat' dir='ltr'><strong>reputemus</strong></span> <span class='ocrx_word' id='word_1_192' title='bbox 1149 2917 1268 2958; x_wconf 89' lang='lat' dir='ltr'><strong>necesse</strong></span> 
     </span>
     <span class='ocr_line' id='line_1_27' title="bbox 244 2985 1268 3063; baseline 0.006 -23"><span class='ocrx_word' id='word_1_193' title='bbox 244 2988 313 3060; x_wconf 83' lang='lat' dir='ltr'><strong>est,</strong></span> <span class='ocrx_word' id='word_1_194' title='bbox 346 2986 465 3046; x_wconf 88' lang='lat' dir='ltr'><strong>evenire</strong></span> <span class='ocrx_word' id='word_1_195' title='bbox 492 2987 627 3063; x_wconf 86' lang='lat' dir='ltr'><strong>potuisse</strong></span> <span class='ocrx_word' id='word_1_196' title='bbox 653 3006 713 3046; x_wconf 89' lang='lat' dir='ltr'><strong>nou</strong></span> <span class='ocrx_word' id='word_1_197' title='bbox 741 2987 840 3046; x_wconf 89' lang='lat' dir='ltr'><strong>solum</strong></span> <span class='ocrx_word' id='word_1_198' title='bbox 865 2985 940 3046; x_wconf 90' lang='lat' dir='ltr'><strong>libro</strong></span> <span class='ocrx_word' id='word_1_199' title='bbox 963 2986 1000 3046; x_wconf 92' lang='lat' dir='ltr'><strong>de</strong></span> <span class='ocrx_word' id='word_1_200' title='bbox 1022 2987 1183 3062; x_wconf 86' lang='lat' dir='ltr'><strong>mensibus,</strong></span> <span class='ocrx_word' id='word_1_201' title='bbox 1216 2987 1268 3048; x_wconf 91' lang='lat' dir='ltr'><strong>sed</strong></span> 
     </span>
     <span class='ocr_line' id='line_1_28' title="bbox 254 3073 1267 3153; baseline 0.003 -21"><span class='ocrx_word' id='word_1_202' title='bbox 254 3073 347 3133; x_wconf 87' lang='lat' dir='ltr'><strong>etiam</strong></span> <span class='ocrx_word' id='word_1_203' title='bbox 368 3075 507 3151; x_wconf 87' lang='lat' dir='ltr'><strong>operibus</strong></span> <span class='ocrx_word' id='word_1_204' title='bbox 531 3076 567 3135; x_wconf 94' lang='lat' dir='ltr'><strong>de</strong></span> <span class='ocrx_word' id='word_1_205' title='bbox 590 3075 714 3136; x_wconf 84' lang='lat' dir='ltr'><strong>ostentis</strong></span> <span class='ocrx_word' id='word_1_206' title='bbox 738 3075 829 3134; x_wconf 87' lang='lat' dir='ltr'><strong>etde</strong></span> <span class='ocrx_word' id='word_1_207' title='bbox 855 3074 1091 3152; x_wconf 80' lang='lat' dir='ltr'><strong>magistratibus,</strong></span> <span class='ocrx_word' id='word_1_208' title='bbox 1118 3079 1267 3153; x_wconf 89' lang='lat' dir='ltr'><strong>quatenus</strong></span> 
     </span>
     <span class='ocr_line' id='line_1_29' title="bbox 244 3160 1267 3242; baseline 0.004 -23"><span class='ocrx_word' id='word_1_209' title='bbox 244 3161 291 3219; x_wconf 87' lang='lat' dir='ltr'><strong>ab</strong></span> <span class='ocrx_word' id='word_1_210' title='bbox 315 3163 419 3222; x_wconf 91' lang='lat' dir='ltr'><strong>eodem</strong></span> <span class='ocrx_word' id='word_1_211' title='bbox 448 3163 548 3224; x_wconf 88' lang='lat' dir='ltr'><strong>codice</strong></span> <span class='ocrx_word' id='word_1_212' title='bbox 568 3160 593 3223; x_wconf 93' lang='grc' dir='ltr'>Ο</span> <span class='ocrx_word' id='word_1_213' title='bbox 615 3163 792 3238; x_wconf 71' lang='lat' dir='ltr'><strong>tradamur,</strong></span> <span class='ocrx_word' id='word_1_214' title='bbox 822 3165 859 3222; x_wconf 89' lang='lat' dir='ltr'><strong>ut</strong></span> <span class='ocrx_word' id='word_1_215' title='bbox 886 3181 946 3223; x_wconf 91' lang='lat' dir='ltr'><strong>non</strong></span> <span class='ocrx_word' id='word_1_216' title='bbox 972 3164 1090 3242; x_wconf 83' lang='lat' dir='ltr'><strong>integra</strong></span> <span class='ocrx_word' id='word_1_217' title='bbox 1110 3164 1267 3224; x_wconf 87' lang='lat' dir='ltr'><strong>Laurentii</strong></span> 
     </span>
     <span class='ocr_line' id='line_1_30' title="bbox 244 3248 1268 3328; baseline 0.005 -20"><span class='ocrx_word' id='word_1_218' title='bbox 244 3248 345 3308; x_wconf 81' lang='lat' dir='ltr'><strong>¹uerba</strong></span> <span class='ocrx_word' id='word_1_219' title='bbox 367 3250 544 3326; x_wconf 76' lang='lat' dir='ltr'><strong>reciperent,</strong></span> <span class='ocrx_word' id='word_1_220' title='bbox 567 3250 620 3311; x_wconf 91' lang='lat' dir='ltr'><strong>sed</strong></span> <span class='ocrx_word' id='word_1_221' title='bbox 643 3251 836 3327; x_wconf 88' lang='lat' dir='ltr'><strong>aliquantum</strong></span> <span class='ocrx_word' id='word_1_222' title='bbox 853 3250 1007 3310; x_wconf 82' lang='lat' dir='ltr'><strong>decurtata</strong></span> <span class='ocrx_word' id='word_1_223' title='bbox 1025 3254 1056 3312; x_wconf 91' lang='lat' dir='ltr'><strong>et</strong></span> <span class='ocrx_word' id='word_1_224' title='bbox 1072 3252 1268 3328; x_wconf 62' lang='lat' dir='ltr'><strong>interpolaret</strong></span> 
     </span>
     <span class='ocr_line' id='line_1_31' title="bbox 252 3338 1267 3416; baseline 0.004 -20"><span class='ocrx_word' id='word_1_225' title='bbox 252 3338 284 3396; x_wconf 91' lang='lat' dir='ltr'><strong>id</strong></span> <span class='ocrx_word' id='word_1_226' title='bbox 307 3339 398 3414; x_wconf 79' lang='lat' dir='ltr'><strong>quod,</strong></span> <span class='ocrx_word' id='word_1_227' title='bbox 420 3343 457 3399; x_wconf 91' lang='lat' dir='ltr'><strong>ut</strong></span> <span class='ocrx_word' id='word_1_228' title='bbox 481 3339 614 3416; x_wconf 86' lang='lat' dir='ltr'><strong>exemplo</strong></span> <span class='ocrx_word' id='word_1_229' title='bbox 639 3358 758 3416; x_wconf 91' lang='lat' dir='ltr'><strong>quoque</strong></span> <span class='ocrx_word' id='word_1_230' title='bbox 776 3358 840 3398; x_wconf 88' lang='lat' dir='ltr'><strong>rem</strong></span> <span class='ocrx_word' id='word_1_231' title='bbox 857 3338 1013 3416; x_wconf 70' lang='lat' dir='ltr'><strong>illustrem,</strong></span> <span class='ocrx_word' id='word_1_232' title='bbox 1036 3341 1175 3400; x_wconf 85' lang='lat' dir='ltr'><strong>accidisse</strong></span> <span class='ocrx_word' id='word_1_233' title='bbox 1193 3342 1267 3400; x_wconf 86' lang='lat' dir='ltr'><strong>mihi</strong></span> 
     </span>
     <span class='ocr_line' id='line_1_32' title="bbox 252 3425 1266 3507; baseline 0.005 -23"><span class='ocrx_word' id='word_1_234' title='bbox 252 3425 375 3485; x_wconf 88' lang='lat' dir='ltr'><strong>videtur</strong></span> <span class='ocrx_word' id='word_1_235' title='bbox 396 3427 429 3485; x_wconf 88' lang='lat' dir='ltr'><strong>in</strong></span> <span class='ocrx_word' id='word_1_236' title='bbox 451 3428 604 3504; x_wconf 87' lang='lat' dir='ltr'><strong>prooemio</strong></span> <span class='ocrx_word' id='word_1_237' title='bbox 626 3427 696 3487; x_wconf 86' lang='lat' dir='ltr'><strong>libri</strong></span> <span class='ocrx_word' id='word_1_238' title='bbox 723 3427 759 3487; x_wconf 89' lang='lat' dir='ltr'><strong>de</strong></span> <span class='ocrx_word' id='word_1_239' title='bbox 786 3427 1011 3506; x_wconf 80' lang='lat' dir='ltr'><strong>magistratibus</strong></span> <span class='ocrx_word' id='word_1_240' title='bbox 1037 3425 1092 3507; x_wconf 86' lang='lat'><strong>(=</strong></span> <span class='ocrx_word' id='word_1_241' title='bbox 1116 3429 1266 3489; x_wconf 89' lang='lat' dir='ltr'><strong>demens.</strong></span> 
     </span>
     <span class='ocr_line' id='line_1_33' title="bbox 242 3513 1266 3594; baseline 0.005 -21"><span class='ocrx_word' id='word_1_242' title='bbox 242 3515 309 3587; x_wconf 52' lang='lat'>¹16,</span> <span class='ocrx_word' id='word_1_243' title='bbox 322 3517 361 3575; x_wconf 87' lang='grc'><strong>16</strong></span> <span class='ocrx_word' id='word_1_244' title='bbox 386 3513 482 3594; x_wconf 78' lang='lat' dir='ltr'><strong>sqq.),</strong></span> <span class='ocrx_word' id='word_1_245' title='bbox 513 3517 594 3594; x_wconf 92' lang='lat' dir='ltr'><strong>quod</strong></span> <span class='ocrx_word' id='word_1_246' title='bbox 621 3515 740 3576; x_wconf 88' lang='lat' dir='ltr'><strong>brevius</strong></span> <span class='ocrx_word' id='word_1_247' title='bbox 774 3519 820 3576; x_wconf 87' lang='lat' dir='ltr'><strong>est</strong></span> <span class='ocrx_word' id='word_1_248' title='bbox 848 3535 943 3593; x_wconf 89' lang='lat' dir='ltr'><strong>neque</strong></span> <span class='ocrx_word' id='word_1_249' title='bbox 973 3536 1042 3576; x_wconf 90' lang='lat' dir='ltr'><strong>cum</strong></span> <span class='ocrx_word' id='word_1_250' title='bbox 1069 3518 1192 3594; x_wconf 89' lang='lat' dir='ltr'><strong>reliquis</strong></span> <span class='ocrx_word' id='word_1_251' title='bbox 1221 3519 1266 3578; x_wconf 87' lang='lat' dir='ltr'><strong>ita</strong></span> 
     </span>
     <span class='ocr_line' id='line_1_34' title="bbox 241 3602 1266 3682; baseline 0.003 -19"><span class='ocrx_word' id='word_1_252' title='bbox 241 3602 401 3676; x_wconf 85' lang='lat' dir='ltr'><strong>cohaeret,</strong></span> <span class='ocrx_word' id='word_1_253' title='bbox 424 3608 460 3664; x_wconf 89' lang='lat' dir='ltr'><strong>ut</strong></span> <span class='ocrx_word' id='word_1_254' title='bbox 476 3605 666 3682; x_wconf 82' lang='lat' dir='ltr'><strong>praefationi,</strong></span> <span class='ocrx_word' id='word_1_255' title='bbox 690 3624 767 3681; x_wconf 89' lang='lat' dir='ltr'><strong>quae</strong></span> <span class='ocrx_word' id='word_1_256' title='bbox 786 3624 857 3664; x_wconf 80' lang='lat' dir='ltr'><strong>vera</strong></span> <span class='ocrx_word' id='word_1_257' title='bbox 879 3605 919 3664; x_wconf 92' lang='lat' dir='ltr'><strong>sit</strong></span> <span class='ocrx_word' id='word_1_258' title='bbox 939 3605 1096 3681; x_wconf 80' lang='lat' dir='ltr'><strong>praefatio,</strong></span> <span class='ocrx_word' id='word_1_259' title='bbox 1119 3608 1266 3666; x_wconf 87' lang='lat' dir='ltr'><strong>convenit.</strong></span> 
     </span>
    </p>
   </div>
   <div class='ocr_carea' id='block_1_6' title="bbox 253 3754 1265 3952">
    <p class='ocr_par' dir='ltr' id='par_1_7' title="bbox 253 3754 1265 3952">
     <span class='ocr_line' id='line_1_35' title="bbox 329 3754 1265 3828; baseline 0.003 -20"><span class='ocrx_word' id='word_1_260' title='bbox 329 3755 339 3786; x_wconf 88' lang='lat'>¹</span> <span class='ocrx_word' id='word_1_261' title='bbox 357 3755 433 3824; x_wconf 90' lang='lat' dir='ltr'><strong>quod</strong></span> <span class='ocrx_word' id='word_1_262' title='bbox 450 3775 478 3826; x_wconf 88' lang='lat' dir='ltr'><strong>p.</strong></span> <span class='ocrx_word' id='word_1_263' title='bbox 495 3761 554 3824; x_wconf 79' lang='grc'>167,</span> <span class='ocrx_word' id='word_1_264' title='bbox 565 3761 599 3810; x_wconf 80' lang='lat'><strong>21</strong></span> <span class='ocrx_word' id='word_1_265' title='bbox 618 3759 648 3811; x_wconf 89' lang='lat' dir='ltr'><strong>et</strong></span> <span class='ocrx_word' id='word_1_266' title='bbox 662 3762 696 3810; x_wconf 80' lang='lat'><strong>26</strong></span> <span class='ocrx_word' id='word_1_267' title='bbox 714 3754 759 3810; x_wconf 87' lang='lat' dir='ltr'><strong>bis</strong></span> <span class='ocrx_word' id='word_1_268' title='bbox 780 3754 919 3810; x_wconf 85' lang='lat' dir='ltr'><strong>omittitur</strong></span> <span class='ocrx_word' id='word_1_269' title='bbox 937 3754 1107 3827; x_wconf 69' lang='lat' dir='ltr'><strong>copulandi,</strong></span> <span class='ocrx_word' id='word_1_270' title='bbox 1124 3773 1175 3828; x_wconf 89' lang='lat' dir='ltr'><strong>per</strong></span> <span class='ocrx_word' id='word_1_271' title='bbox 1189 3756 1265 3811; x_wconf 88' lang='lat' dir='ltr'><strong>codi-</strong></span> 
     </span>
     <span class='ocr_line' id='line_1_36' title="bbox 253 3825 1265 3952; baseline 0.003 -72"><span class='ocrx_word' id='word_1_272' title='bbox 253 3825 539 3952; x_wconf 53' lang='lat' dir='ltr'><strong>(clplrxnerSipprialensem</strong></span> <span class='ocrx_word' id='word_1_273' title='bbox 562 3830 687 3896; x_wconf 82' lang='lat' dir='ltr'><strong>servata,</strong></span> <span class='ocrx_word' id='word_1_274' title='bbox 711 3844 728 3882; x_wconf 89' lang='lat' dir='ltr'><strong>a</strong></span> <span class='ocrx_word' id='word_1_275' title='bbox 748 3826 893 3882; x_wconf 81' lang='lat' dir='ltr'><strong>Caseolino</strong></span> <span class='ocrx_word' id='word_1_276' title='bbox 915 3826 1031 3882; x_wconf 86' lang='lat' dir='ltr'><strong>minoris</strong></span> <span class='ocrx_word' id='word_1_277' title='bbox 1049 3828 1182 3883; x_wconf 87' lang='lat' dir='ltr'><strong>momenti</strong></span> <span class='ocrx_word' id='word_1_278' title='bbox 1204 3844 1265 3883; x_wconf 88' lang='lat' dir='ltr'><strong>esse</strong></span> 
     </span>
    </p>
   </div>
   <div class='ocr_carea' id='block_1_7' title="bbox 0 0 1542 4598">
    <p class='ocr_par' dir='ltr' id='par_1_8' title="bbox 0 0 1542 4598">
     <span class='ocr_line' id='line_1_37' title="bbox 0 0 1542 4598; baseline 0 2"><span class='ocrx_word' id='word_1_279' title='bbox 0 0 1542 4598; x_wconf 95' lang='lat' dir='ltr'><strong> </strong></span> 
     </span>
    </p>
   </div>
  </div>
 </body>
</html>
