3074 4598
679 486 885 544 PRAEFATIO
1182 495 1286 554 XXXV

279 683 366 745 quem
398 661 507 736 autem,
537 661 573 718 ut
603 657 677 715 hacc
708 655 808 716 omnia
835 656 958 735 eLydo
990 658 1172 739 exscriberet,
1203 661 1284 725 iliius

278 751 408 815 codicem
431 746 600 807 adhibuerit
621 743 749 805 Parisini
766 743 919 823 librarius,
940 746 1028 808 hodie
1046 746 1204 823 deperditis
1223 768 1284 810 om-

276 840 363 902 nibus
386 837 439 913 qui
456 835 565 914 integri
583 835 670 894 erant
692 832 788 893 dicere
806 833 869 894 iam
890 854 951 895 non
972 855 1139 914 possumus3
1161 841 1196 897 ut
1212 858 1284 901 vero

277 948 321 1004 ea,
350 943 427 1003 quae
455 923 543 985 modo
572 922 609 982 de
638 921 737 982 codice
765 918 790 979 P
813 921 1047 1002 fragmentisque
1075 924 1216 1004 Lydianis
1246 927 1284 987 eb

275 1018 329 1078 illo
351 1014 477 1075 servatis
500 1011 706 1087 disseruimus,
733 1010 765 1068 in
791 1029 885 1070 unum
912 1015 1099 1090 conspectum
1126 1015 1283 1094 conferam,

274 1122 392 1179 moneo,
414 1101 514 1162 deberi
535 1101 606 1160 huic
628 1097 721 1160 codici
745 1116 793 1176 ea,
816 1118 894 1177 quae
916 1103 1020 1161 extant
1042 1102 1177 1164 editionis
1199 1124 1229 1182 p.
1253 1106 1283 1181 3,

277 1193 396 1267 17-7,
408 1194 459 1251 14.
487 1189 760 1272 18,12-20,12.
782 1189 1021 1264 49,24—53,5.
1044 1192 1243 1269 cuae-69,
1255 1197 1282 1253 7.

277 1280 705 1356 173‚1-4.184,10-16.

341 1369 467 1447 Saepius
496 1373 597 1430 eutem
623 1368 668 1443 id,
698 1365 777 1443 quod
802 1366 835 1425 in
863 1364 961 1427 codice
983 1365 1009 1426 P
1039 1366 1177 1429 accidisse
1206 1369 1282 1429 vidi-

273 1477 349 1536 mus,
370 1476 428 1519 usu
449 1458 540 1537 vonit,
566 1460 603 1519 ut
624 1455 814 1519 astronomici
836 1455 989 1516 cuiusdam
1011 1457 1156 1517 tractatus
1179 1461 1282 1518 auctor

273 1547 431 1609 Laurentii
467 1547 503 1609 de
537 1544 688 1607 mensibus
722 1543 833 1604 librum
869 1543 965 1605 adiret
1001 1565 1036 1605 ex
1071 1564 1163 1623 eoque
1194 1545 1282 1624 plura

272 1639 474 1714 mutuaretur,
503 1635 612 1715 quibus
641 1652 728 1696 suum
756 1636 877 1694 ornaret
908 1634 1089 1712 opusculum.
1139 1637 1174 1694 ut
1202 1634 1281 1695 enim

273 1727 381 1788 codicis
405 1727 430 1786 P
457 1725 595 1786 librarius
626 1743 661 1784 ex
691 1741 777 1801 opere
800 1720 867 1803 περὶ
893 1730 998 1802 μηνῶν
1026 1723 1207 1802 deprompsit
1237 1742 1280 1802 ea,

274 1833 351 1893 quae
371 1814 407 1874 de
426 1813 484 1874 diei
503 1812 673 1874 definitione
691 1810 840 1890 quomodo
858 1811 913 1872 fiat
929 1812 1011 1890 apud
1029 1813 1159 1890 singulas
1176 1817 1279 1892 gentes

272 1903 400 1963 inseruit
421 1901 564 1962 tractatui
586 1919 640 1962 suo
666 1896 733 1980 περὶ
759 1900 891 1980 οὐρανοῦ
916 1899 966 1961 καὶ
991 1909 1059 1982 γῆς,
1085 1901 1130 1962 ita
1156 1903 1278 1963 alterius

273 2009 392 2068 quoque
415 1989 523 2049 codicis
546 1989 681 2049 adhunc
703 1987 782 2048 diem
803 1988 901 2066 ignoti
927 1991 1032 2048 auctor
1052 1989 1164 2068 largius
1188 1992 1279 2051 etiem

274 2079 410 2157 Lydiano
443 2096 531 2154 opere
562 2095 633 2136 usus
665 2078 723 2136 est:
773 2075 1021 2137 Berolinensis
1056 2078 1174 2156 graeci
1212 2078 1278 2139 dico

271 2168 368 2228 inter
390 2165 686 2226 Hamiltonienos
710 2163 787 2243 555,
813 2163 995 2225 miscellanei
1022 2166 1133 2226 formae
1155 2166 1277 2228 minoris

274 2255 424 2318 chartacei
446 2273 468 2315 s.
486 2253 566 2330 ΧΠ,
587 2253 621 2313 in
644 2252 772 2313 editione
794 2252 825 2312 H
846 2253 954 2314 vocati
989 2254 1077 2315 huius
1095 2274 1149 2335 ego
1169 2254 1278 2316 codicis
1304 2279 1317 2310 ο

271 2344 412 2406 notitiem
437 2342 528 2404 debeo
548 2342 713 2419 Hermanni
733 2339 857 2402 Useneri
879 2341 1063 2418 liberalitati,
1086 2344 1137 2421 qui
1153 2346 1189 2404 ut
1206 2363 1276 2422 apo·

272 2433 387 2513 grapho
410 2432 535 2510 abipso
558 2432 640 2492 iacto
662 2432 761 2490 uterer
781 2430 908 2509 benigne
925 2431 1000 2491 mihi
1018 2433 1171 2493 concessit:
1193 2433 1276 2494 cuius

270 2521 381 2600 insigni
410 2538 482 2599 erga
507 2541 555 2581 me
583 2519 808 2581 benevolentiae
837 2519 950 2597 gratias
978 2521 1035 2581 hoe
1063 2539 1179 2599 quoque
1209 2522 1275 2584 loco

270 2609 379 2671 referre
397 2607 496 2669 liceat
526 2608 600 2669 folio
619 2610 720 2668 autem
734 2608 811 2670 160¹
828 2608 936 2668 codicis
953 2608 983 2668 Η
1004 2608 1110 2686 incipit
1130 2613 1276 2672 tractatus

272 2697 393 2776 quidam
414 2698 555 2775 anonymi
581 2696 711 2758 auctoris
734 2694 802 2777 περὶ
824 2703 928 2775 μηνῶν
946 2693 998 2757 καὶ
1015 2696 1125 2778 δρόμον
1142 2698 1275 2780 σελήνης,

271 2788 307 2848 de
331 2805 390 2864 quo
412 2788 448 2846 ut
469 2787 575 2847 melius
596 2783 816 2847 iudiciumfieri
834 2786 938 2862 possit,
960 2784 1081 2863 quinam
1094 2805 1183 2847 nexus
1196 2789 1276 2848 inter

269 2876 357 2935 ilium
379 2874 553 2952 Lydumque
577 2876 699 2950 existet,
722 2892 871 2951 apponam
898 2874 989 2935 verba
1016 2875 1078 2935 eius
1104 2878 1146 2953 et,
1168 2877 1220 2938 ubi
1241 2879 1273 2937 in

271 2964 433 3024 editionem
454 2967 573 3042 recepta
596 2967 673 3041 sunt,
695 2962 776 3022 illius
798 2964 925 3042 paginas
947 2982 1112 3040 versusque.

270 3137 346 3220 Περὶ
370 3147 473 3218 μηνῶν
495 3137 544 3199 καὶ
567 3137 679 3221 δρόμου
698 3155 743 3198 σε·
842 3136 908 3217 ἤτοι
925 3147 984 3199 τῶν
1001 3136 1167 3218 ἆποχύσιων
1186 3133 1271 3223 (sici)

314 3227 414 3306 λήυης.
452 3224 586 3306 μέλλουσί
608 3249 657 3305 μοι
679 3224 745 3306 περὶ
842 3225 962 3305 ταύτης,
989 3224 1149 3307 ἀναγκαῖόν
1177 3251 1268 3307 μαι-

312 3325 372 3376 τῶν
394 3324 447 3396 τῆς
467 3314 591 3395 σελήνης
610 3313 745 3377 συνόδων
843 3312 945 3388 ἀκοαῖς
967 3335 996 3392 p.
1021 3316 1071 3393 18,
1082 3319 1196 3378 3—10.

314 3403 391 3486 ἐρεῖν
431 3397 510 3475 κατ’,Ἰ
534 3401 677 3483 ἐπιτομὴν
712 3400 744 3463 ἕν
897 3455 911 3470 .
1013 3444 1022 3470 .

313 3491 478 3571 κανονίυις,
510 3481 548 3566 ἃς
583 3491 658 3573 πρὸς
693 3490 744 3553 τὸν
796 3445 849 3508 τὸν
872 3449 1136 3528 “qva-mmai
1160 3445 1271 3531 ἡμέρας

313 3581 400 3661 ἥλιον
416 3586 538 3643 ποιεῖται
555 3573 606 3660 ἐφ’
622 3579 744 3643 ἑκάστου
841 3555 869 3612 p'
894 3537 944 3613 38’
956 3539 1070 3596 1-12'

314 3668 408 3749 μηνὸς
440 3678 499 3731 τῶν
528 3668 680 3748 ἐνιαυτῶν,
711 3665 743 3728 ἐν
795 3666 863 3750 περὶ
882 3668 1026 3750 διαφορᾶς
1043 3665 1193 3731 ἐνιαυτῶν.
1222 3669 1267 3731 αἰ-

312 3768 347 3838 τῆ
370 3766 464 3836 ποστῆ
491 3759 597 3820 τούτου
624 3757 743 3840 γίνεται,
840 3756 956 3838 γύπτιοι
970 3755 1268 3841 (λε-ἀναγράφουσιν

313 3845 353 3908 ἔτι
382 3843 414 3908 δὲ
445 3846 495 3909 καὶ
524 3857 584 3909 τῶν
609 3845 744 3926 φθίσεων
840 3865 869 3922 p.
894 3848 1093 3926 39,16-18.

1075 3947 1108 4002 οἱ
