3074 4598
440 511 550 567 LIBER
567 509 743 578 QUARTUS.
771 510 961 569 AUGUSTUS
1142 516 1206 583 155

197 678 370 762 ἤλεκτρον·
390 662 415 740 Ιδ
438 670 476 741 δὲ
502 673 636 758 τυφὼν
661 674 818 760 πυρώδης
843 674 898 741 καί
922 676 1107 761 αἱματώδης
1129 682 1244 763 φοί-Χ

197 804 288 848 νεται
310 780 366 847 καὶ
388 780 527 856 λεπτοάς
549 802 642 856 τινας
669 779 873 866 διαρραίνων
897 782 1098 867 πλοκάμους·
1126 783 1144 850 ὁ
1167 781 1205 851 δὲ

196 889 386 973 κεράστης
408 888 506 970 δίκην
528 886 666 969 σελήνης
687 889 906 973 κερατοειδὴς,
934 888 981 973 δς,
1006 887 1103 972 ἡνίκα
1123 886 1204 975 Ξέρ-

196 991 253 1078 ξης
274 996 357 1060 κατὰ
379 1001 436 1076 τῆς
453 990 601 1074 Ἀττικῆς
622 986 743 1075 ἡλδεν,
771 990 898 1073 λέγεται
926 1004 1081 1079 φανῆναι.
1126 993 1144 1061 ὁ
1168 991 1205 1062 δὲ
1218 1006 1267 1063 XS

197 1105 403 1185 Πτολεμαῖος
425 1097 463 1164 ἐν
485 1107 555 1174 τοῖς
574 1099 657 1185 πρὸς
674 1097 793 1184 Σύρον
814 1098 904 1187 αὕτη·
926 1111 1081 1186 γραφεῖσι
1102 1119 1204 1188 προσ·
1230 1128 1242 1171 ι

195 1211 310 1290 τίθησι
343 1202 399 1270 καὶ
434 1204 549 1292 ἕτερον
583 1200 672 1283 εἶδος
704 1207 849 1290 κομὴτου
880 1207 1086 1292 καλούμενον
1114 1208 1203 1274 σάλ-

146 1323 261 1378 ῆτΠΙλΙ
278 1335 412 1397 πιμγα,
434 1317 588 1399 φαίνεται
607 1309 644 1380 δὲ
656 1312 739 1378 κατά
756 1311 794 1376 τὸ
812 1309 964 1399 ἀρκτηῖον
976 1315 1082 1398 κλίμα
1115 1316 1148 1381 οἱ
1165 1312 1203 1382 δὲ
1215 1327 1273 1384 XY

195 1423 335 1504 φυσικοί
356 1438 469 1506 φασιν,
493 1421 538 1497 ὡς
555 1426 769 1486 συνίστανται
788 1418 820 1484 οἱ
839 1427 979 1503 κομῆται
997 1416 1033 1483 ἐν
1050 1431 1120 1497 τοῖς
1137 1422 1202 1488 ὑπὸ

195 1528 338 1612 σελήνην
358 1530 495 1605 κόλποις
517 1525 670 1613 ἀστρώδη
691 1525 768 1590 τινά
794 1525 899 1609 φύσιν
927 1525 1201 1611 ἐπιδεικνύμενοι·

194 1633 235 1700 οὐ
258 1636 321 1722 γάρ
346 1636 430 1701 εἰσιν
452 1632 595 1719 ἀστέρες,
619 1632 703 1698 ἀλλά
725 1632 936 1719 θρομβώσεις
958 1630 1045 1710 τινὲς
1067 1632 1100 1713 ἐξ
1124 1633 1202 1699 ἀνα·
1215 1665 1242 1705 ιο

192 1744 384 1825 θυμιάσεας
405 1750 463 1826 τῆς
485 1749 546 1825 γῆς
571 1739 847 1825 ἀποτελούμεναι,
874 1734 923 1806 ὧν
947 1739 969 1823 ἡ
992 1738 1119 1824 γένεσις
1141 1737 1202 1827 μὲν

193 1845 226 1925 ἐξ
256 1846 352 1934 άίρος
379 1857 439 1912 τοῦ
466 1847 549 1912 κατὰ
576 1847 730 1932 συναφὴν
757 1846 1129 1933 ἐγκαταλαμβανομὲνου
1155 1857 1201 1936 τῷ

193 1952 318 2039 αίδίρι·
351 1954 433 2020 ὅθεν
464 1951 520 2019 καὶ
552 1956 713 2039 ἰσοταχεῖς
745 1953 834 2041 αὐτῷ
864 1952 961 2040 μέχρι
993 1955 1240 2034 διαπτώσεωςΥ

193 2058 503 2145 συμπεριφέρονται.
551 2058 607 2125 καὶ
637 2060 736 2143 ἡνίκα
766 2056 828 2145 μὲν
858 2061 919 2144 τὴν
949 2061 1047 2144 ῥύσιν
1078 2061 1132 2127 ἐπὶ
1163 2063 1200 2129 τὸ

191 2165 278 2231 κάτω
302 2163 490 2252 φερομένην
513 2167 598 2250 ἔχων
618 2165 636 2232 ὁ
655 2166 758 2252 αίθὴρ
776 2171 1009 2251 περιληφθείη,
1030 2172 1200 2250 πωγωνίαι
1213 2197 1239 2239 ιι

191 2296 226 2337 τε
246 2270 302 2337 καὶ
319 2276 418 2338 πίθοι
436 2271 685 2356 ἀποτελοῦνται,
707 2271 807 2355 ἡνίκα
825 2267 862 2338 δὲ
878 2276 1036 2357 πλαγίως,
1053 2284 1200 2358 κομῆται.

191 2379 307 2463 τάχιον
334 2376 372 2445 δὲ
398 2380 431 2446 οἱ
456 2383 642 2464 πωγωνίαι,
670 2380 757 2445 πολὺ
787 2375 825 2444 δὲ
852 2376 908 2443 καὶ
937 2379 1063 2445 τούτων
1085 2381 1201 2464 τάχιον

190 2489 287 2551 πίθοι
310 2510 346 2553 τε
368 2483 423 2551 καὶ
445 2486 576 2562 δοκίδες
598 2485 820 2551 ἐκπίπτουσιν.

144 2598 220 2656 [Vn
263 2591 336 2656 117.
360 2592 433 2656 Δύο
456 2592 574 2669 Πᾶνάς
601 2608 690 2677 φασι.
734 2588 823 2669 τινὲς
850 2591 890 2657 δέ
914 2611 996 2677 φασι
1020 2594 1079 2660 τὸν
1102 2597 1238 2663 ΠᾶναΧ

190 2696 227 2762 ἐκ
248 2699 386 2785 Κρόνου
411 2695 466 2764 καί
486 2696 574 2776 Ῥέας
599 2695 771 2784 γενέσθαι,
798 2696 873 2764 ἀντὶ
899 2708 961 2766 τοῦ
988 2698 1023 2765 ἐκ
1049 2708 1110 2766 τοῦ
1137 2709 1239 2772 νοῦοο

189 2801 245 2868 καὶ
267 2813 325 2890 τῆς
347 2805 452 2891 ὑγρᾶς
475 2804 600 2890 οὐσίας,
624 2796 697 2872 οἷον
719 2814 778 2890 τῆς
798 2804 914 2891 ὑλικῆς
937 2805 1101 2893 ἀπειρίας,
1123 2807 1199 2873 τόδε

190 2932 227 2975 το
250 2920 326 2976 πᾶν.

143 3033 170 3082 {⁶
258 3017 331 3082 118.
363 3016 642 3103 Ἀποτρεπόμενος
672 3026 733 3085 τοῦ
766 3020 849 3085 κατά
878 3023 1021 3106 Περσῶν
1051 3019 1198 3106 πολέμου

260 3226 284 3263 v.
302 3214 318 3262 5
336 3208 527 3266 Ptolemaeus:
550 3208 703 3265 Tetrabibl.
722 3209 761 3281 11,
780 3215 797 3265 8
819 3209 839 3266 f.
858 3215 922 3282 τῖ’,
946 3209 980 3266 ef.
999 3211 1067 3281 Lyd.
1091 3213 1127 3267 de
1145 3215 1197 3268 ost.

188 3296 216 3348 p.
231 3282 265 3332 32
285 3279 470 3335 Wachsmuth

260 3473 285 3510 v.
303 3460 317 3509 1
337 3456 432 3525 τάφων
450 3457 494 3526 Χ,
516 3458 613 3527 τυφὼν
630 3456 771 3512 Wachsm
877 3457 1058 3514 nob-7
1077 3457 1201 3529 κλίμαδ

189 3525 256 3581 δέν
273 3535 333 3590 τοῖς
346 3558 380 3568 -
411 3537 524 3599 ραφεῖσι
538 3527 676 3599 omis.x1
692 3537 822 3599 γραφεῖσι
835 3526 930 3598 ἕτερον
943 3547 1029 3598 προστ
1083 3548 1110 3585 σι
1123 3527 1198 3595 εἶδος

188 3596 212 3653 S
278 3603 293 3652 7
313 3595 356 3654 δτι
375 3549 411 3653 αὴ
419 3607 537 3670 κομῆται
556 3598 587 3654 ἐν
604 3607 663 3662 τοῖς
680 3597 735 3654 ὑπὸ
754 3596 870 3669 σελήνην
888 3598 1002 3681 κάλποις
1020 3618 1070 3658 συν
1083 3619 1197 3657 σταυται

188 3667 315 3739 άστρὼδη
329 3701 365 3711 -
380 3675 412 3724 18
431 3668 612 3725 ἐκπίπτουσιν
629 3669 659 3724 Y
726 3675 742 3724 8
785 3687 849 3725 ασιν
867 3687 945 3726 oms.
960 3672 988 3726 Β
1060 3677 1093 3726 10
1112 3673 1137 3727 εἰ
1150 3690 1196 3727 ου-

187 3755 257 3794 ναστ
273 3741 310 3809 Α,
330 3740 356 3795 εἰ
373 3739 535 3810 συναοτίρες
552 3741 601 3814 A„
620 3740 689 3796 εἰσὶν
707 3690 818 3810 &azzae
834 3742 873 3814 A,
894 3758 982 3812 marg.
1000 3742 1029 3796 Β
1101 3748 1134 3797 12
1152 3742 1196 3814 ἐγ-

187 3809 460 3884 καταλαμβανομίνα
478 3813 507 3867 Β
578 3817 611 3866 13
630 3808 734 3881 αἰθέρι,
758 3814 809 3867 oet.
830 3812 886 3868 des.
902 3814 933 3868 X
1004 3817 1035 3866 17
1055 3815 1151 3870 πολλοὶ
1168 3813 1199 3869 F

188 3887 222 3936 23
241 3880 482 3952 ἀποτρεπτάμενος
500 3883 537 3953 Β,
555 3881 586 3937 in
602 3899 689 3954 marg.
710 3881 764 3940 oie.
784 3883 821 3939 τά
837 3885 895 3941 Αῖῖ.
