3074 4598
285 455 329 522 32
669 456 779 513 LIBER
796 457 919 514 ALTER

208 635 266 690 ΧΥ
284 620 302 688 ὁ
320 619 522 709 Ι’Λφροδίτης
544 622 562 687 ὁ
585 618 641 686 καὶ
656 619 829 710 Ἕσπερος,
843 625 888 701 ὡς
902 621 1039 708 Ἕλλησι
1057 623 1160 691 δοκεῖ·
1178 623 1301 712 Ἀφρο-

285 730 383 815 δίτην
401 727 438 796 δὲ
457 731 500 795 άν
517 752 568 804 τις
586 733 674 793 είτοι
692 728 755 813 τήν
772 740 833 796 τοῦ
854 731 979 808 παντὸς
992 729 1163 813 αἰσθητοῦ
1183 733 1300 818 φύσιν,

284 836 435 904 τουτέστι
462 836 525 918 τήν
550 844 744 921 τρωτογενῆ
771 837 871 922 ὐλην,
899 837 942 919 ήν
968 834 1022 902 καὶ
1044 834 1217 924 Ἀστερίαν
1242 838 1299 906 καὶ

285 944 460 1030 Οὐρανίαν
481 947 576 1007 καλεῖ
601 944 642 1007 τά
673 945 779 1027 λόγια
825 943 930 1028 ὁγὰρ
954 940 988 1020 ἓξ
1010 941 1153 1029 ἀριθμὸς
1180 971 1299 1032 γεννη-

257 1051 463 1126 ετικάτατός
491 1047 582 1115 ἐστιν
613 1050 658 1127 ὡς
687 1049 951 1135 άρτιοτιίριττος,
982 1048 1125 1136 μετέχων
1156 1053 1214 1119 καὶ
1240 1063 1298 1139 τῆς

284 1159 462 1242 δραστικής
492 1155 607 1235 οὐσίας
633 1159 716 1224 κατὰ
743 1159 803 1224 τὸν
828 1156 985 1241 περιττὸν
1015 1155 1069 1222 καί
1096 1167 1154 1242 τής
1181 1161 1298 1245 ὑλικῆς

281 1266 365 1330 κατά
388 1265 449 1330 τὸν
471 1266 596 1350 άρτιον.
638 1264 721 1330 ὅθεν
742 1261 799 1330 καὶ
823 1264 855 1329 οἱ
878 1261 1009 1348 ἀρχαῖοι
1031 1264 1138 1347 γάμον
1160 1266 1216 1333 καὶ
1239 1268 1298 1353 άρ-

281 1375 404 1456 μονίαν
427 1371 531 1438 αὐτὸν
560 1371 732 1437 ἐκάλεσαν·
759 1381 827 1436 τῶν
853 1369 917 1456 γὰρ
946 1367 1010 1434 όιιιὸ
1027 1370 1172 1457 μονάδος
1195 1376 1297 1460 μόνος

225 1477 406 1558 7Χτέλειός
433 1478 503 1545 ἐστι
530 1490 600 1554 τοῖς
632 1475 752 1542 ἑαυτοῦ
777 1476 905 1563 μέρεσι,
939 1476 1234 1561 συμπληρούμενος
1261 1479 1297 1546 ἐκ

241 1610 269 1650 10
282 1596 350 1652 τῶν
373 1586 499 1669 αὐτῶν,
528 1583 669 1668 ἡμίσους
694 1579 758 1666 μὲν
779 1583 930 1666 τριάδος,
959 1585 1073 1668 τρίτου
1095 1577 1133 1646 δὲ
1161 1585 1295 1670 δυάδος,

209 1701 268 1756 XY
280 1691 379 1759 ἕκτου
398 1689 436 1758 δὲ
453 1691 608 1775 μονάδος.
644 1686 699 1753 καὶ
718 1686 831 1765 ἁπλῶς
849 1690 957 1753 εἰπεῖν
979 1690 1085 1775 άρρην
1101 1711 1137 1754 τε
1158 1687 1216 1756 καὶ
1232 1698 1295 1775 θή-

280 1804 342 1875 λυς
365 1793 452 1863 εἶναι
481 1793 644 1880 πέφυκεν,
677 1794 721 1870 ὡς
748 1791 804 1859 καὶ
832 1794 915 1877 αὐτή
939 1791 1117 1882 Ἀφροδίτη
1145 1797 1208 1882 τήν
1234 1807 1294 1864 τοῦ

280 1905 420 1989 άρρενος
438 1905 500 1986 τήν
520 1925 555 1968 τε
573 1910 633 1968 τοῦ
652 1904 775 1985 θήλεος
794 1903 915 1986 ἔχουσα
929 1901 1105 1987 φύσινκαὶ
1124 1904 1181 1970 διὰ
1195 1914 1293 1973 τοῦτο

239 2012 369 2097 Χιιαρά
391 2020 462 2086 τοῖς
484 2012 661 2092 θεολόγοις
682 2007 915 2094 άρρενόθηλυς
932 2010 1127 2096 καλουμένη.
1163 2012 1220 2079 καὶ
1238 2015 1295 2080 άλ-

238 2144 265 2186 ιι
280 2122 338 2194 λος
361 2120 478 2203 φησίν·
505 2117 524 2182 ὁ
548 2117 581 2196 ’ἐξ
604 2117 750 2203 ἀριθμὸς
772 2121 995 2203 ήνχογονικός
1022 2118 1111 2185 ἐστιν
1134 2119 1200 2186 άκὸ
1225 2119 1295 2201 ἐξά·

279 2225 339 2301 δος
369 2224 628 2310 ἐπικεδούμενος
659 2234 698 2310 τῇ
735 2232 798 2290 τοῦ
832 2225 956 2300 παντὸς
992 2229 1129 2312 σφαίρᾳ,
1166 2225 1223 2292 καί
1253 2228 1294 2291 τά

279 2331 415 2396 ἐναντία
437 2325 475 2394 δδ
497 2332 790 2416 κατακεράννυσιν.
836 2332 883 2407 είς
911 2330 1070 2414 ὁμόνοιαν
1096 2329 1152 2396 καὶ
1176 2336 1294 2416 φιλίαν

278 2440 363 2521 ὐίγει,
385 2439 498 2502 ἔπειτα
520 2434 558 2502 δὲ
580 2438 697 2521 ὑγείαν
719 2433 782 2521 μὲν
799 2436 946 2522 ἐμποιῶν
963 2448 1032 2514 τοῖς
1050 2437 1189 2523 σώμασι,
1213 2457 1293 2524 συμ-

278 2547 411 2629 φωνίαν
434 2539 472 2609 δὲ
495 2542 532 2608 ἐν
554 2544 640 2631 λύρμ
662 2542 717 2609 καὶ
744 2553 886 2631 μουσικῇ
914 2543 970 2610 καὶ
997 2544 1116 2631 άρετήν
1143 2545 1181 2612 ἐν
1203 2556 1292 2633 ψυχή

215 2679 264 2742 ,ιο
278 2647 334 2715 καὶ
354 2648 391 2714 ἐν
407 2651 503 2714 πόλει
522 2649 686 2734 εὐθηνίαν
704 2652 742 2714 ἔν
759 2672 796 2715 τε
813 2658 859 2738 τῷ
876 2649 978 2716 παντί
994 2653 1167 2736 πρόνοιαν,
1209 2654 1292 2720 ὅθεν

221 2769 262 2823 ’Χ
277 2755 333 2823 καὶ
351 2755 492 2843 Ὀρφεὺς
513 2753 590 2841 περὶ
613 2754 727 2835 ἑξάδος
749 2757 854 2821 ταύτά
876 2773 972 2840 φησι·

348 2914 375 2951 v.
394 2894 510 2951 4Kroll
529 2894 564 2948 de
583 2910 622 2948 or
641 2891 738 2948 chald.
757 2912 786 2963 p.
806 2894 865 2948 10¹.

347 3075 371 3111 v.
392 3054 492 3125 λείπῃ
511 3054 543 3109 Β
621 3059 637 3107 3
660 3062 818 3125 πατρογενή
838 3055 870 3108 Χ
899 3029 1152 3180 ήτράτηροῖηενήά
1079 3055 1152 3110 ΕΜ
1184 3032 1292 3125 πρυδο

275 3128 398 3199 γενήθ,
434 3125 704 3196 πρωπατρογενήθ,
744 3134 905 3197 πρωτογενή
933 3126 964 3181 D
1084 3127 1152 3180 δά
1153 3127 1250 3196 ρτιοτιέ
1250 3151 1291 3198 ρ·ι

275 3219 324 3261 τος
341 3199 378 3267 A,
401 3218 490 3261 -ιττος
508 3215 577 3253 corr.
595 3197 623 3252 A
728 3194 835 3253 ’λδθεν
853 3197 927 3252 οίΧ
1019 3197 1140 3253 8αὐτδν
1163 3199 1242 3255 omis
1250 3151 1291 3256 AD

276 3276 422 3333 9το1ς-
436 3276 468 3324 11
484 3267 609 3338 μονάδος
626 3236 729 3322 δειναί
751 3267 781 3322 1⁷
873 3273 905 3321 11
936 3265 1016 3323 ἕκτου
1044 3268 1074 3324 δὲ
1097 3269 1222 3338 μονάδος
1244 3271 1291 3326 de-

276 3344 343 3396 sunt
358 3342 387 3395 Β
445 3346 479 3395 12
484 3289 613 3410 πέφυκε.
633 3339 681 3394 καὶ
699 3337 753 3408 γὰρ
777 3340 826 3394 καὶ
847 3338 865 3409 ή
885 3337 1057 3410 ἀφροδίτη(
1048 3289 1199 3464 (ἀφροτίδη
1217 3343 1293 3413 Β)Χ

276 3418 310 3493 13
321 3412 421 3481 άρενος
429 3412 479 3466 καί
491 3410 595 3478 θήλεος
604 3411 642 3479 Χ,
661 3409 778 3478 ἄρρενος
785 3409 842 3496 τήν
855 3429 885 3465 τε
898 3417 949 3465 τοῦ
963 3409 1064 3478 θήλεος
1077 3412 1110 3466 Y.
1124 3410 1290 3468 Lambeeius

275 3482 306 3537 in
321 3483 458 3538 Codmum
471 3501 498 3553 p
509 3487 559 3536 163
569 3498 628 3536 nro.
637 3486 683 3536 28:
698 3479 791 3535 καὶ
761 3501 814 3551 γαρ
829 3481 909 3550 καλή
919 3479 1113 3552 Λφροδίτη
1079 3482 1113 3552 τ
1114 3502 1131 3537 ν
1145 3493 1196 3539 τοῦ
1210 3484 1290 3554 άρρε-

275 3573 326 3616 νος
343 3555 392 3609 καὶ
406 3553 509 3622 θήλεος
522 3552 623 3625 ἔχοντα
641 3553 727 3621 φάσιν
748 3550 946 3622 άρρήνόθηλνς
959 3556 1089 3608 καλεῖται.
1143 3556 1243 3609 καὶ-
1257 3563 1290 3610 14

274 3622 422 3695 θεολόγοις
440 3624 518 3680 omis.
538 3625 567 3679 Β
657 3629 690 3677 14
709 3626 833 3678 καλεῖται
851 3624 888 3693 Β,
907 3623 1028 3693 καλονμέ
1079 3625 1107 3680 A
1148 3625 1254 3696 ,reliq
1253 3643 1290 3681 ua

275 3646 378 3750 huius?
403 3695 554 3766 mgraphi
577 3696 678 3749 desunt
700 3693 756 3767 ΥΙ
779 3693 861 3757 ἄλλος
878 3695 919 3763 A,
946 3695 1033 3759 ἄλλος
1163 3704 1196 3752 15
1208 3698 1244 3763 A}
1262 3698 1290 3752 Β

276 3772 309 3891 lg
325 3714 490 3910 φὲλένάκαλ
514 3764 650 3835 ὁμόνοιαν
668 3766 696 3820 Β
752 3698 815 3821 ¹18
834 3737 956 3821 ἐκκοάῶν
973 3766 1002 3820 Β
1073 3772 1107 3821 20
1125 3766 1235 3838 θηνίαν
1252 3770 1287 3838 A,

275 3855 288 3891 ε
