<?xml version="1.0" encoding="UTF-8"?>
<!DOCTYPE html PUBLIC "-//W3C//DTD XHTML 1.0 Transitional//EN"
    "http://www.w3.org/TR/xhtml1/DTD/xhtml1-transitional.dtd">
<html xmlns="http://www.w3.org/1999/xhtml" xml:lang="en" lang="en">
 <head>
  <title>
</title>
<meta http-equiv="Content-Type" content="text/html;charset=utf-8" />
  <meta name='ocr-system' content='tesseract 3.04.00' />
  <meta name='ocr-capabilities' content='ocr_page ocr_carea ocr_par ocr_line ocrx_word'/>
</head>
<body>
  <div class='ocr_page' id='page_1' title='image "./ioannislaurenti00wuengoog_0283.png"; bbox 0 0 3074 4598; ppageno 0'>
   <div class='ocr_carea' id='block_1_1' title="bbox 278 480 1059 549">
    <p class='ocr_par' dir='ltr' id='par_1_1' title="bbox 278 480 1059 549">
     <span class='ocr_line' id='line_1_1' title="bbox 278 480 1059 549; baseline 0 -12"><span class='ocrx_word' id='word_1_1' title='bbox 278 485 342 549; x_wconf 80' lang='lat'><strong><em>178</em></strong></span> <span class='ocrx_word' id='word_1_2' title='bbox 511 480 741 538; x_wconf 74' lang='lat' dir='ltr'><strong>FRAGMENTA</strong></span> <span class='ocrx_word' id='word_1_3' title='bbox 757 480 941 537; x_wconf 78' lang='lat' dir='ltr'><strong>INOERTAE</strong></span> <span class='ocrx_word' id='word_1_4' title='bbox 959 480 1059 537; x_wconf 81' lang='lat' dir='ltr'>SEDIS</span> 
     </span>
    </p>
   </div>
   <div class='ocr_carea' id='block_1_2' title="bbox 411 825 1161 904">
    <p class='ocr_par' dir='ltr' id='par_1_2' title="bbox 411 825 1161 904">
     <span class='ocr_line' id='line_1_2' title="bbox 411 825 1161 904; baseline -0.009 0"><span class='ocrx_word' id='word_1_5' title='bbox 411 826 715 904; x_wconf 79' lang='lat' dir='ltr'><strong>FRAGMENTA</strong></span> <span class='ocrx_word' id='word_1_6' title='bbox 740 827 989 902; x_wconf 79' lang='lat' dir='ltr'><strong>INOERTAE</strong></span> <span class='ocrx_word' id='word_1_7' title='bbox 1017 825 1161 901; x_wconf 76' lang='lat' dir='ltr'><strong>SEDIS.</strong></span> 
     </span>
    </p>
   </div>
   <div class='ocr_carea' id='block_1_3' title="bbox 175 981 1351 2881">
    <p class='ocr_par' dir='ltr' id='par_1_3' title="bbox 242 981 1349 1284">
     <span class='ocr_line' id='line_1_3' title="bbox 242 981 1349 1070; baseline 0 -19"><span class='ocrx_word' id='word_1_8' title='bbox 242 997 260 1051; x_wconf 88' lang='lat' dir='ltr'>S</span> <span class='ocrx_word' id='word_1_9' title='bbox 344 989 362 1050; x_wconf 89' lang='lat'>1</span> <span class='ocrx_word' id='word_1_10' title='bbox 388 995 471 1062; x_wconf 84' lang='grc'>(163).</span> <span class='ocrx_word' id='word_1_11' title='bbox 485 983 557 1050; x_wconf 74' lang='grc' dir='ltr'><strong><em>’Ότι</em></strong></span> <span class='ocrx_word' id='word_1_12' title='bbox 577 985 776 1070; x_wconf 82' lang='grc' dir='ltr'><strong><em>στρατιώτης</em></strong></span> <span class='ocrx_word' id='word_1_13' title='bbox 790 1009 841 1061; x_wconf 91' lang='grc' dir='ltr'><strong><em>τις</em></strong></span> <span class='ocrx_word' id='word_1_14' title='bbox 859 983 1037 1062; x_wconf 86' lang='grc' dir='ltr'><strong><em>ἀκόλαστος</em></strong></span> <span class='ocrx_word' id='word_1_15' title='bbox 1055 981 1217 1065; x_wconf 83' lang='grc' dir='ltr'><strong><em>έν&lt;Δα&gt;-</em></strong></span> <span class='ocrx_word' id='word_1_16' title='bbox 1228 993 1349 1051; x_wconf 71' lang='grc' dir='ltr'><strong><em>ᾱεοεεΒτ</em></strong></span> 
     </span>
     <span class='ocr_line' id='line_1_4' title="bbox 278 1089 1297 1177; baseline -0.002 -19"><span class='ocrx_word' id='word_1_17' title='bbox 278 1094 456 1169; x_wconf 82' lang='grc' dir='ltr'><strong><em>δαστοίνοις</em></strong></span> <span class='ocrx_word' id='word_1_18' title='bbox 480 1091 618 1158; x_wconf 85' lang='grc' dir='ltr'><strong><em>ἐπέθετο</em></strong></span> <span class='ocrx_word' id='word_1_19' title='bbox 640 1090 776 1176; x_wconf 80' lang='grc' dir='ltr'><strong><em>γυναικὶ</em></strong></span> <span class='ocrx_word' id='word_1_20' title='bbox 802 1091 951 1175; x_wconf 81' lang='grc' dir='ltr'><strong><em>σώφρονι</em></strong></span> <span class='ocrx_word' id='word_1_21' title='bbox 974 1094 1166 1177; x_wconf 83' lang='grc' dir='ltr'><strong><em>βιαζόμενος</em></strong></span> <span class='ocrx_word' id='word_1_22' title='bbox 1189 1089 1297 1174; x_wconf 81' lang='grc' dir='ltr'><strong><em>αὐτὴν</em></strong></span> 
     </span>
     <span class='ocr_line' id='line_1_5' title="bbox 277 1194 1295 1284; baseline 0.001 -20"><span class='ocrx_word' id='word_1_23' title='bbox 277 1200 361 1284; x_wconf 88' lang='grc' dir='ltr'><strong><em>πρὸς</em></strong></span> <span class='ocrx_word' id='word_1_24' title='bbox 383 1200 530 1284; x_wconf 85' lang='grc' dir='ltr'><strong><em>όμιλίαν·</em></strong></span> <span class='ocrx_word' id='word_1_25' title='bbox 558 1209 616 1284; x_wconf 82' lang='grc' dir='ltr'><strong><em>τῆς</em></strong></span> <span class='ocrx_word' id='word_1_26' title='bbox 638 1197 676 1266; x_wconf 73' lang='grc' dir='ltr'><strong><em>δὲ</em></strong></span> <span class='ocrx_word' id='word_1_27' title='bbox 702 1196 981 1283; x_wconf 90' lang='grc' dir='ltr'><strong><em>παραιτουμένης,</em></strong></span> <span class='ocrx_word' id='word_1_28' title='bbox 1009 1199 1053 1274; x_wconf 77' lang='grc' dir='ltr'><strong><em>ὡς</em></strong></span> <span class='ocrx_word' id='word_1_29' title='bbox 1078 1201 1183 1276; x_wconf 85' lang='grc' dir='ltr'><strong><em>πολὺς</em></strong></span> <span class='ocrx_word' id='word_1_30' title='bbox 1209 1194 1295 1282; x_wconf 74' lang='grc' dir='ltr'><strong><em>ήνδ</em></strong></span> 
     </span>
    </p>

    <p class='ocr_par' dir='ltr' id='par_1_4' title="bbox 252 1302 1295 1817">
     <span class='ocr_line' id='line_1_6' title="bbox 252 1302 1294 1392; baseline 0 -20"><span class='ocrx_word' id='word_1_31' title='bbox 252 1308 431 1392; x_wconf 78' lang='grc' dir='ltr'><strong><em>ιφθορεὺς</em></strong></span> <span class='ocrx_word' id='word_1_32' title='bbox 454 1306 672 1392; x_wconf 77' lang='grc' dir='ltr'><strong><em>ἐπικείμενος,</em></strong></span> <span class='ocrx_word' id='word_1_33' title='bbox 699 1306 784 1390; x_wconf 89' lang='grc' dir='ltr'><strong><em>πρὸς</em></strong></span> <span class='ocrx_word' id='word_1_34' title='bbox 807 1302 951 1386; x_wconf 79' lang='grc' dir='ltr'><strong><em>αὐτὸνή</em></strong></span> <span class='ocrx_word' id='word_1_35' title='bbox 978 1306 1064 1387; x_wconf 91' lang='grc' dir='ltr'><strong><em>γυνή</em></strong></span> <span class='ocrx_word' id='word_1_36' title='bbox 1090 1325 1210 1390; x_wconf 87' lang='grc' dir='ltr'><strong><em>φησιν,</em></strong></span> <span class='ocrx_word' id='word_1_37' title='bbox 1239 1307 1294 1389; x_wconf 83' lang='grc' dir='ltr'><strong><em>ὡς,</em></strong></span> 
     </span>
     <span class='ocr_line' id='line_1_7' title="bbox 279 1410 1295 1498; baseline 0 -20"><span class='ocrx_word' id='word_1_38' title='bbox 279 1415 309 1478; x_wconf 85' lang='grc' dir='ltr'><strong><em>εί</em></strong></span> <span class='ocrx_word' id='word_1_39' title='bbox 332 1413 486 1498; x_wconf 82' lang='grc' dir='ltr'><strong><em>ἀφέξεται</em></strong></span> <span class='ocrx_word' id='word_1_40' title='bbox 510 1413 621 1497; x_wconf 84' lang='grc' dir='ltr'><strong><em>αὐτῆς,</em></strong></span> <span class='ocrx_word' id='word_1_41' title='bbox 643 1413 810 1497; x_wconf 77' lang='grc' dir='ltr'><strong><em>παράσχοι</em></strong></span> <span class='ocrx_word' id='word_1_42' title='bbox 833 1410 962 1487; x_wconf 82' lang='grc' dir='ltr'><strong><em>πάντως</em></strong></span> <span class='ocrx_word' id='word_1_43' title='bbox 980 1410 1155 1496; x_wconf 83' lang='grc' dir='ltr'><strong><em>φάρμακον</em></strong></span> <span class='ocrx_word' id='word_1_44' title='bbox 1172 1413 1210 1477; x_wconf 88' lang='grc' dir='ltr'><strong><em>τὸ</em></strong></span> <span class='ocrx_word' id='word_1_45' title='bbox 1230 1425 1295 1478; x_wconf 83' lang='grc' dir='ltr'><strong><em>σῶ-</em></strong></span> 
     </span>
     <span class='ocr_line' id='line_1_8' title="bbox 279 1514 1293 1604; baseline -0.002 -18"><span class='ocrx_word' id='word_1_46' title='bbox 279 1523 337 1599; x_wconf 83' lang='grc' dir='ltr'><strong><em>ζον</em></strong></span> <span class='ocrx_word' id='word_1_47' title='bbox 359 1521 464 1586; x_wconf 89' lang='grc' dir='ltr'><strong><em>αὐτὸν</em></strong></span> <span class='ocrx_word' id='word_1_48' title='bbox 486 1521 679 1604; x_wconf 76' lang='grc' dir='ltr'><strong><em>ἀπήμαντον</em></strong></span> <span class='ocrx_word' id='word_1_49' title='bbox 701 1517 766 1582; x_wconf 89' lang='grc' dir='ltr'><strong><em>ἀπὸ</em></strong></span> <span class='ocrx_word' id='word_1_50' title='bbox 789 1517 917 1600; x_wconf 81' lang='grc' dir='ltr'><strong><em>ξίφους,</em></strong></span> <span class='ocrx_word' id='word_1_51' title='bbox 938 1514 992 1582; x_wconf 80' lang='grc' dir='ltr'><strong><em>καὶ</em></strong></span> <span class='ocrx_word' id='word_1_52' title='bbox 1011 1523 1189 1582; x_wconf 82' lang='grc' dir='ltr'><strong><em>θανατῶσα</em></strong></span> <span class='ocrx_word' id='word_1_53' title='bbox 1206 1514 1293 1603; x_wconf 73' lang='grc' dir='ltr'><strong><em>ὑπὲρ</em></strong></span> 
     </span>
     <span class='ocr_line' id='line_1_9' title="bbox 279 1621 1293 1711; baseline -0.005 -17"><span class='ocrx_word' id='word_1_54' title='bbox 279 1636 337 1711; x_wconf 87' lang='grc' dir='ltr'><strong><em>τής</em></strong></span> <span class='ocrx_word' id='word_1_55' title='bbox 360 1629 477 1703; x_wconf 79' lang='grc' dir='ltr'><strong><em>αἰδοῦς</em></strong></span> <span class='ocrx_word' id='word_1_56' title='bbox 499 1629 633 1690; x_wconf 82' lang='grc' dir='ltr'><strong><em>πείθειν</em></strong></span> <span class='ocrx_word' id='word_1_57' title='bbox 654 1623 750 1707; x_wconf 81' lang='grc' dir='ltr'><strong><em>ἠξίου</em></strong></span> <span class='ocrx_word' id='word_1_58' title='bbox 774 1623 888 1706; x_wconf 85' lang='grc' dir='ltr'><strong><em>αὐτόν,</em></strong></span> <span class='ocrx_word' id='word_1_59' title='bbox 915 1621 968 1688; x_wconf 82' lang='grc' dir='ltr'><strong><em>ἐπί</em></strong></span> <span class='ocrx_word' id='word_1_60' title='bbox 991 1632 1052 1688; x_wconf 91' lang='grc' dir='ltr'><strong><em>τοῦ</em></strong></span> <span class='ocrx_word' id='word_1_61' title='bbox 1076 1621 1192 1707; x_wconf 80' lang='grc' dir='ltr'><strong><em>ἑαυτῆς</em></strong></span> <span class='ocrx_word' id='word_1_62' title='bbox 1215 1648 1293 1708; x_wconf 92' lang='grc' dir='ltr'><strong><em>τρα-</em></strong></span> 
     </span>
     <span class='ocr_line' id='line_1_10' title="bbox 278 1724 1294 1817; baseline -0.003 -19"><span class='ocrx_word' id='word_1_63' title='bbox 278 1736 384 1817; x_wconf 91' lang='grc' dir='ltr'><strong><em>χήλου</em></strong></span> <span class='ocrx_word' id='word_1_64' title='bbox 406 1734 468 1816; x_wconf 89' lang='grc' dir='ltr'><strong><em>τήν</em></strong></span> <span class='ocrx_word' id='word_1_65' title='bbox 491 1741 611 1815; x_wconf 83' lang='grc' dir='ltr'><strong><em>πεῖραν</em></strong></span> <span class='ocrx_word' id='word_1_66' title='bbox 633 1732 762 1813; x_wconf 77' lang='grc' dir='ltr'><strong><em>λαβεῖν·</em></strong></span> <span class='ocrx_word' id='word_1_67' title='bbox 786 1728 804 1794; x_wconf 87' lang='grc' dir='ltr'>ὁ</span> <span class='ocrx_word' id='word_1_68' title='bbox 829 1724 867 1793; x_wconf 80' lang='grc' dir='ltr'><strong><em>δέ</em></strong></span> <span class='ocrx_word' id='word_1_69' title='bbox 888 1728 1010 1812; x_wconf 81' lang='grc' dir='ltr'><strong><em>πλήξας</em></strong></span> <span class='ocrx_word' id='word_1_70' title='bbox 1033 1728 1137 1812; x_wconf 76' lang='grc' dir='ltr'><strong><em>αὐτὴν</em></strong></span> <span class='ocrx_word' id='word_1_71' title='bbox 1154 1739 1213 1813; x_wconf 85' lang='grc' dir='ltr'><strong><em>τῆς</em></strong></span> <span class='ocrx_word' id='word_1_72' title='bbox 1230 1727 1294 1815; x_wconf 74' lang='grc' dir='ltr'><strong><em>μὲν</em></strong></span> 
     </span>
    </p>

    <p class='ocr_par' dir='ltr' id='par_1_5' title="bbox 239 1830 1294 1923">
     <span class='ocr_line' id='line_1_11' title="bbox 239 1830 1294 1923; baseline -0.003 -18"><span class='ocrx_word' id='word_1_73' title='bbox 239 1866 266 1906; x_wconf 79' lang='grc' dir='ltr'><strong><em>ιο</em></strong></span> <span class='ocrx_word' id='word_1_74' title='bbox 280 1839 461 1923; x_wconf 81' lang='grc' dir='ltr'><strong><em>ἐπιθυμίας</em></strong></span> <span class='ocrx_word' id='word_1_75' title='bbox 494 1837 630 1920; x_wconf 81' lang='grc' dir='ltr'><strong><em>ἑαυτὸν,</em></strong></span> <span class='ocrx_word' id='word_1_76' title='bbox 667 1835 799 1920; x_wconf 84' lang='grc' dir='ltr'><strong><em>ἐκείνην</em></strong></span> <span class='ocrx_word' id='word_1_77' title='bbox 831 1830 868 1900; x_wconf 76' lang='grc' dir='ltr'><strong><em>δὲ</em></strong></span> <span class='ocrx_word' id='word_1_78' title='bbox 899 1844 955 1918; x_wconf 74' lang='grc' dir='ltr'><strong><em>τῆς</em></strong></span> <span class='ocrx_word' id='word_1_79' title='bbox 987 1839 1068 1920; x_wconf 75' lang='grc' dir='ltr'><strong><em>ζωῆς</em></strong></span> <span class='ocrx_word' id='word_1_80' title='bbox 1098 1834 1294 1922; x_wconf 78' lang='grc' dir='ltr'><strong><em>ἐζημίωσεν·</em></strong></span> 
     </span>
    </p>

    <p class='ocr_par' dir='ltr' id='par_1_6' title="bbox 175 1939 1295 2350">
     <span class='ocr_line' id='line_1_12' title="bbox 175 1939 1294 2029; baseline -0.003 -15"><span class='ocrx_word' id='word_1_81' title='bbox 175 1956 315 2014; x_wconf 76' lang='lat' dir='ltr'>SCedoen.</span> <span class='ocrx_word' id='word_1_82' title='bbox 331 1945 415 2010; x_wconf 81' lang='grc' dir='ltr'><strong><em>ὥστε</em></strong></span> <span class='ocrx_word' id='word_1_83' title='bbox 438 1939 531 2010; x_wconf 86' lang='grc' dir='ltr'><strong><em>οἶδεν</em></strong></span> <span class='ocrx_word' id='word_1_84' title='bbox 553 1943 572 2009; x_wconf 82' lang='grc' dir='ltr'>ὁ</span> <span class='ocrx_word' id='word_1_85' title='bbox 594 1945 715 2028; x_wconf 83' lang='grc' dir='ltr'><strong><em>χρόνος</em></strong></span> <span class='ocrx_word' id='word_1_86' title='bbox 732 1944 815 2028; x_wconf 84' lang='grc' dir='ltr'><strong><em>μετὰ</em></strong></span> <span class='ocrx_word' id='word_1_87' title='bbox 833 1942 893 2006; x_wconf 87' lang='grc' dir='ltr'><strong><em>τὸν</em></strong></span> <span class='ocrx_word' id='word_1_88' title='bbox 909 1945 1114 2027; x_wconf 71' lang='grc' dir='ltr'><strong><em>Σθενεβοίας</em></strong></span> <span class='ocrx_word' id='word_1_89' title='bbox 1132 1947 1294 2029; x_wconf 89' lang='grc' dir='ltr'><strong><em>Βελλερο-</em></strong></span> 
     </span>
     <span class='ocr_line' id='line_1_13' title="bbox 279 2048 1295 2137; baseline 0 -20"><span class='ocrx_word' id='word_1_90' title='bbox 279 2054 410 2137; x_wconf 87' lang='grc' dir='ltr'><strong><em>φόντην</em></strong></span> <span class='ocrx_word' id='word_1_91' title='bbox 436 2049 492 2120; x_wconf 81' lang='grc' dir='ltr'><strong><em>καὶ</em></strong></span> <span class='ocrx_word' id='word_1_92' title='bbox 519 2049 647 2134; x_wconf 80' lang='grc' dir='ltr'><strong><em>Τέννην</em></strong></span> <span class='ocrx_word' id='word_1_93' title='bbox 673 2051 734 2115; x_wconf 88' lang='grc' dir='ltr'><strong><em>τὸν</em></strong></span> <span class='ocrx_word' id='word_1_94' title='bbox 755 2048 985 2134; x_wconf 76' lang='grc' dir='ltr'><strong><em>Ἀλφεσιβοίας</em></strong></span> <span class='ocrx_word' id='word_1_95' title='bbox 1011 2049 1066 2116; x_wconf 84' lang='grc' dir='ltr'><strong><em>καὶ</em></strong></span> <span class='ocrx_word' id='word_1_96' title='bbox 1092 2051 1207 2136; x_wconf 90' lang='grc' dir='ltr'><strong><em>Πηλέα</em></strong></span> <span class='ocrx_word' id='word_1_97' title='bbox 1233 2053 1295 2117; x_wconf 87' lang='grc' dir='ltr'><strong><em>τὸν</em></strong></span> 
     </span>
     <span class='ocr_line' id='line_1_14' title="bbox 275 2154 1290 2242; baseline 0 -18"><span class='ocrx_word' id='word_1_98' title='bbox 275 2155 513 2242; x_wconf 73' lang='grc' dir='ltr'><strong><em>Ἀστυδαμείας</em></strong></span> <span class='ocrx_word' id='word_1_99' title='bbox 539 2155 594 2222; x_wconf 84' lang='grc' dir='ltr'><strong><em>καὶ</em></strong></span> <span class='ocrx_word' id='word_1_100' title='bbox 613 2155 811 2223; x_wconf 83' lang='grc' dir='ltr'><strong><em>Ἱππόλυτον</em></strong></span> <span class='ocrx_word' id='word_1_101' title='bbox 838 2156 898 2221; x_wconf 88' lang='grc' dir='ltr'><strong><em>τὸν</em></strong></span> <span class='ocrx_word' id='word_1_102' title='bbox 922 2159 1030 2222; x_wconf 84' lang='grc' dir='ltr'><strong><em>πολὺν</em></strong></span> <span class='ocrx_word' id='word_1_103' title='bbox 1051 2154 1105 2223; x_wconf 85' lang='grc' dir='ltr'><strong><em>καί</em></strong></span> <span class='ocrx_word' id='word_1_104' title='bbox 1127 2159 1190 2242; x_wconf 83' lang='grc' dir='ltr'><strong><em>τήν</em></strong></span> <span class='ocrx_word' id='word_1_105' title='bbox 1210 2156 1290 2224; x_wconf 86' lang='grc' dir='ltr'><strong><em>καθ’</em></strong></span> 
     </span>
     <span class='ocr_line' id='line_1_15' title="bbox 278 2265 561 2350; baseline -0.004 -21"><span class='ocrx_word' id='word_1_106' title='bbox 278 2265 364 2350; x_wconf 85' lang='grc' dir='ltr'><strong><em>ἡμᾶς</em></strong></span> <span class='ocrx_word' id='word_1_107' title='bbox 387 2265 561 2350; x_wconf 81' lang='grc' dir='ltr'><strong><em>σώφρωνα.</em></strong></span> 
     </span>
    </p>

    <p class='ocr_par' dir='ltr' id='par_1_7' title="bbox 245 2369 1351 2455">
     <span class='ocr_line' id='line_1_16' title="bbox 245 2369 1351 2455; baseline -0.001 -17"><span class='ocrx_word' id='word_1_108' title='bbox 245 2383 263 2438; x_wconf 88' lang='lat' dir='ltr'>S</span> <span class='ocrx_word' id='word_1_109' title='bbox 347 2372 368 2434; x_wconf 77' lang='lat'><strong>2</strong></span> <span class='ocrx_word' id='word_1_110' title='bbox 390 2380 472 2447; x_wconf 79' lang='grc'>(164).</span> <span class='ocrx_word' id='word_1_111' title='bbox 482 2369 554 2435; x_wconf 87' lang='grc' dir='ltr'><strong><em>Ὅτι</em></strong></span> <span class='ocrx_word' id='word_1_112' title='bbox 565 2369 583 2436; x_wconf 83' lang='grc' dir='ltr'><strong>ὁ</strong></span> <span class='ocrx_word' id='word_1_113' title='bbox 594 2372 700 2454; x_wconf 82' lang='grc' dir='ltr'><strong><em>Τοίγης</em></strong></span> <span class='ocrx_word' id='word_1_114' title='bbox 709 2372 792 2435; x_wconf 87' lang='grc' dir='ltr'><strong><em>κατά</em></strong></span> <span class='ocrx_word' id='word_1_115' title='bbox 807 2371 884 2445; x_wconf 89' lang='grc' dir='ltr'><strong><em>τοὺς</em></strong></span> <span class='ocrx_word' id='word_1_116' title='bbox 898 2369 1094 2454; x_wconf 90' lang='grc' dir='ltr'><strong><em>λεγομένους</em></strong></span> <span class='ocrx_word' id='word_1_117' title='bbox 1102 2377 1218 2455; x_wconf 91' lang='grc' dir='ltr'><strong><em>κλιμα-</em></strong></span> <span class='ocrx_word' id='word_1_118' title='bbox 1227 2381 1351 2437; x_wconf 81' lang='lat' dir='ltr'>deesth</span> 
     </span>
    </p>

    <p class='ocr_par' dir='ltr' id='par_1_8' title="bbox 240 2474 1294 2881">
     <span class='ocr_line' id='line_1_17' title="bbox 240 2474 1294 2564; baseline -0.005 -17"><span class='ocrx_word' id='word_1_119' title='bbox 240 2507 266 2547; x_wconf 80' lang='lat'><strong><em>16</em></strong></span> <span class='ocrx_word' id='word_1_120' title='bbox 279 2480 401 2564; x_wconf 83' lang='grc' dir='ltr'><strong><em>τάρχας</em></strong></span> <span class='ocrx_word' id='word_1_121' title='bbox 421 2478 608 2562; x_wconf 83' lang='grc' dir='ltr'><strong><em>ἐμφύεσθαι</em></strong></span> <span class='ocrx_word' id='word_1_122' title='bbox 629 2477 716 2556; x_wconf 78' lang='grc' dir='ltr'><strong><em>ἀξιοῖ</em></strong></span> <span class='ocrx_word' id='word_1_123' title='bbox 728 2489 800 2554; x_wconf 81' lang='grc' dir='ltr'><strong><em>τοῖς</em></strong></span> <span class='ocrx_word' id='word_1_124' title='bbox 819 2474 997 2562; x_wconf 81' lang='grc' dir='ltr'><strong><em>ἑκασταχοῦ</em></strong></span> <span class='ocrx_word' id='word_1_125' title='bbox 1016 2477 1203 2561; x_wconf 77' lang='grc' dir='ltr'><strong><em>γινομένοις</em></strong></span> <span class='ocrx_word' id='word_1_126' title='bbox 1221 2480 1294 2543; x_wconf 92' lang='grc' dir='ltr'><strong><em>δαί-</em></strong></span> 
     </span>
     <span class='ocr_line' id='line_1_18' title="bbox 280 2583 1293 2670; baseline -0.001 -20"><span class='ocrx_word' id='word_1_127' title='bbox 280 2609 385 2670; x_wconf 89' lang='grc' dir='ltr'><strong><em>μονας</em></strong></span> <span class='ocrx_word' id='word_1_128' title='bbox 405 2586 574 2667; x_wconf 87' lang='grc' dir='ltr'><strong><em>ὑπηκόους</em></strong></span> <span class='ocrx_word' id='word_1_129' title='bbox 592 2583 738 2666; x_wconf 92' lang='grc' dir='ltr'><strong><em>ἐκείνων,</em></strong></span> <span class='ocrx_word' id='word_1_130' title='bbox 761 2585 824 2666; x_wconf 85' lang='grc' dir='ltr'><strong><em>τήν</em></strong></span> <span class='ocrx_word' id='word_1_131' title='bbox 842 2594 909 2648; x_wconf 87' lang='grc' dir='ltr'><strong><em>τῶν</em></strong></span> <span class='ocrx_word' id='word_1_132' title='bbox 926 2583 1058 2670; x_wconf 90' lang='grc' dir='ltr'><strong><em>ἐφόρων</em></strong></span> <span class='ocrx_word' id='word_1_133' title='bbox 1076 2584 1221 2668; x_wconf 85' lang='grc' dir='ltr'><strong><em>δύναμιν</em></strong></span> <span class='ocrx_word' id='word_1_134' title='bbox 1238 2583 1293 2649; x_wconf 80' lang='grc' dir='ltr'><strong><em>ἐπὶ</em></strong></span> 
     </span>
     <span class='ocr_line' id='line_1_19' title="bbox 279 2682 1294 2776; baseline -0.001 -20"><span class='ocrx_word' id='word_1_135' title='bbox 279 2703 347 2756; x_wconf 86' lang='grc' dir='ltr'><strong><em>τῶν</em></strong></span> <span class='ocrx_word' id='word_1_136' title='bbox 371 2690 598 2774; x_wconf 77' lang='grc' dir='ltr'><strong><em>ἀνθρωπίνων</em></strong></span> <span class='ocrx_word' id='word_1_137' title='bbox 619 2687 771 2774; x_wconf 83' lang='grc' dir='ltr'><strong><em>πράξεων</em></strong></span> <span class='ocrx_word' id='word_1_138' title='bbox 797 2687 1078 2774; x_wconf 76' lang='grc' dir='ltr'><strong><em>ἐνδεικνυμένους,</em></strong></span> <span class='ocrx_word' id='word_1_139' title='bbox 1105 2682 1179 2757; x_wconf 86' lang='grc' dir='ltr'><strong><em>οἷον</em></strong></span> <span class='ocrx_word' id='word_1_140' title='bbox 1204 2694 1294 2776; x_wconf 84' lang='grc' dir='ltr'><strong><em>Θρᾷ-</em></strong></span> 
     </span>
     <span class='ocr_line' id='line_1_20' title="bbox 280 2793 1294 2881; baseline 0.001 -20"><span class='ocrx_word' id='word_1_141' title='bbox 280 2820 340 2873; x_wconf 89' lang='grc' dir='ltr'><strong><em>κας</em></strong></span> <span class='ocrx_word' id='word_1_142' title='bbox 362 2793 425 2879; x_wconf 77' lang='grc' dir='ltr'><strong><em>μὲν</em></strong></span> <span class='ocrx_word' id='word_1_143' title='bbox 452 2797 600 2881; x_wconf 86' lang='grc' dir='ltr'><strong><em>ἅρπαγας</em></strong></span> <span class='ocrx_word' id='word_1_144' title='bbox 627 2793 680 2860; x_wconf 83' lang='grc' dir='ltr'><strong><em>καὶ</em></strong></span> <span class='ocrx_word' id='word_1_145' title='bbox 708 2795 821 2879; x_wconf 82' lang='grc' dir='ltr'><strong><em>ὠμοὺς</em></strong></span> <span class='ocrx_word' id='word_1_146' title='bbox 848 2796 904 2860; x_wconf 83' lang='grc' dir='ltr'><strong><em>διὰ</em></strong></span> <span class='ocrx_word' id='word_1_147' title='bbox 925 2798 985 2880; x_wconf 81' lang='grc' dir='ltr'><strong><em>τήν</em></strong></span> <span class='ocrx_word' id='word_1_148' title='bbox 1010 2807 1069 2861; x_wconf 88' lang='grc' dir='ltr'><strong><em>τοῦ</em></strong></span> <span class='ocrx_word' id='word_1_149' title='bbox 1082 2795 1200 2881; x_wconf 77' lang='grc' dir='ltr'><strong><em>’Ἀρεος</em></strong></span> <span class='ocrx_word' id='word_1_150' title='bbox 1223 2796 1294 2862; x_wconf 84' lang='grc' dir='ltr'><strong><em>έπι-</em></strong></span> 
     </span>
    </p>
   </div>
   <div class='ocr_carea' id='block_1_4' title="bbox 241 2896 1353 3420">
    <p class='ocr_par' dir='ltr' id='par_1_9' title="bbox 241 2896 1353 3420">
     <span class='ocr_line' id='line_1_21' title="bbox 241 2896 1293 2988; baseline -0.001 -18"><span class='ocrx_word' id='word_1_151' title='bbox 241 2932 267 2971; x_wconf 77' lang='grc' dir='ltr'><strong><em>ιο</em></strong></span> <span class='ocrx_word' id='word_1_152' title='bbox 281 2903 451 2985; x_wconf 83' lang='grc' dir='ltr'><strong><em>κράτειαν,</em></strong></span> <span class='ocrx_word' id='word_1_153' title='bbox 483 2903 562 2977; x_wconf 88' lang='grc' dir='ltr'><strong><em>τοὺς</em></strong></span> <span class='ocrx_word' id='word_1_154' title='bbox 593 2896 630 2965; x_wconf 78' lang='grc' dir='ltr'><strong><em>δέ</em></strong></span> <span class='ocrx_word' id='word_1_155' title='bbox 661 2902 745 2986; x_wconf 90' lang='grc' dir='ltr'><strong><em>πρὸς</em></strong></span> <span class='ocrx_word' id='word_1_156' title='bbox 776 2911 816 2987; x_wconf 75' lang='grc' dir='ltr'><strong><em>τῇ</em></strong></span> <span class='ocrx_word' id='word_1_157' title='bbox 851 2899 914 2988; x_wconf 80' lang='grc' dir='ltr'><strong><em>ἑώᾳ</em></strong></span> <span class='ocrx_word' id='word_1_158' title='bbox 941 2903 1088 2988; x_wconf 88' lang='grc' dir='ltr'><strong><em>θερμούς</em></strong></span> <span class='ocrx_word' id='word_1_159' title='bbox 1116 2927 1210 2980; x_wconf 91' lang='grc' dir='ltr'><strong><em>τινας</em></strong></span> <span class='ocrx_word' id='word_1_160' title='bbox 1236 2903 1293 2969; x_wconf 80' lang='grc' dir='ltr'><strong><em>καὶ</em></strong></span> 
     </span>
     <span class='ocr_line' id='line_1_22' title="bbox 280 3005 1294 3095; baseline 0.003 -23"><span class='ocrx_word' id='word_1_161' title='bbox 280 3017 409 3093; x_wconf 88' lang='grc' dir='ltr'><strong><em>χρυσοῦ</em></strong></span> <span class='ocrx_word' id='word_1_162' title='bbox 440 3007 583 3093; x_wconf 79' lang='grc' dir='ltr'><strong><em>ἐρῶντας</em></strong></span> <span class='ocrx_word' id='word_1_163' title='bbox 614 3005 668 3072; x_wconf 84' lang='grc' dir='ltr'><strong><em>καὶ</em></strong></span> <span class='ocrx_word' id='word_1_164' title='bbox 700 3007 777 3093; x_wconf 84' lang='grc' dir='ltr'><strong><em>περὶ</em></strong></span> <span class='ocrx_word' id='word_1_165' title='bbox 810 3007 870 3072; x_wconf 91' lang='grc' dir='ltr'><strong><em>τὸν</em></strong></span> <span class='ocrx_word' id='word_1_166' title='bbox 905 3009 1024 3074; x_wconf 84' lang='grc' dir='ltr'><strong><em>τούτου</em></strong></span> <span class='ocrx_word' id='word_1_167' title='bbox 1054 3011 1160 3094; x_wconf 89' lang='grc' dir='ltr'><strong><em>πόρον</em></strong></span> <span class='ocrx_word' id='word_1_168' title='bbox 1189 3009 1294 3095; x_wconf 89' lang='grc' dir='ltr'><strong><em>ἀγρυ-</em></strong></span> 
     </span>
     <span class='ocr_line' id='line_1_23' title="bbox 281 3105 1292 3202; baseline 0.002 -22"><span class='ocrx_word' id='word_1_169' title='bbox 281 3124 459 3198; x_wconf 86' lang='grc' dir='ltr'><strong><em>πνοῦντας,</em></strong></span> <span class='ocrx_word' id='word_1_170' title='bbox 483 3105 537 3179; x_wconf 87' lang='grc' dir='ltr'><strong><em>οἷα</em></strong></span> <span class='ocrx_word' id='word_1_171' title='bbox 559 3113 708 3196; x_wconf 83' lang='grc' dir='ltr'><strong><em>ήλιακοῖς</em></strong></span> <span class='ocrx_word' id='word_1_172' title='bbox 730 3115 888 3198; x_wconf 80' lang='grc' dir='ltr'><strong><em>δαίμοσιν</em></strong></span> <span class='ocrx_word' id='word_1_173' title='bbox 911 3114 1117 3200; x_wconf 78' lang='grc' dir='ltr'><strong><em>ἐγκειμένους</em></strong></span> <span class='ocrx_word' id='word_1_174' title='bbox 1138 3115 1292 3202; x_wconf 79' lang='grc' dir='ltr'><strong><em>καὶπερὶ</em></strong></span> 
     </span>
     <span class='ocr_line' id='line_1_24' title="bbox 281 3219 1095 3309; baseline 0.001 -24"><span class='ocrx_word' id='word_1_175' title='bbox 281 3222 343 3304; x_wconf 82' lang='grc' dir='ltr'><strong><em>τήν</em></strong></span> <span class='ocrx_word' id='word_1_176' title='bbox 365 3221 448 3309; x_wconf 80' lang='grc' dir='ltr'><strong><em>ήλίφ</em></strong></span> <span class='ocrx_word' id='word_1_177' title='bbox 472 3219 691 3304; x_wconf 77' lang='grc' dir='ltr'><strong><em>ἀνακειμένην</em></strong></span> <span class='ocrx_word' id='word_1_178' title='bbox 712 3221 798 3304; x_wconf 84' lang='grc' dir='ltr'><strong><em>ὕλην</em></strong></span> <span class='ocrx_word' id='word_1_179' title='bbox 822 3219 1095 3306; x_wconf 82' lang='grc' dir='ltr'><strong><em>ἀναφερομένους.</em></strong></span> 
     </span>
     <span class='ocr_line' id='line_1_25' title="bbox 349 3325 1353 3420; baseline 0.006 -30"><span class='ocrx_word' id='word_1_180' title='bbox 349 3326 370 3390; x_wconf 84' lang='lat'><strong>3</strong></span> <span class='ocrx_word' id='word_1_181' title='bbox 391 3335 473 3402; x_wconf 87' lang='grc'>(166).</span> <span class='ocrx_word' id='word_1_182' title='bbox 484 3325 555 3390; x_wconf 89' lang='grc' dir='ltr'><strong><em>Ὅτι</em></strong></span> <span class='ocrx_word' id='word_1_183' title='bbox 569 3325 587 3390; x_wconf 84' lang='grc' dir='ltr'><strong><em>δ</em></strong></span> <span class='ocrx_word' id='word_1_184' title='bbox 603 3329 798 3409; x_wconf 78' lang='grc' dir='ltr'><strong><em>Αὔγουστος</em></strong></span> <span class='ocrx_word' id='word_1_185' title='bbox 812 3329 964 3392; x_wconf 84' lang='grc' dir='ltr'><strong><em>καθελὼν</em></strong></span> <span class='ocrx_word' id='word_1_186' title='bbox 972 3327 1150 3393; x_wconf 77' lang='grc' dir='ltr'><strong><em>’Λντώνιον</em></strong></span> <span class='ocrx_word' id='word_1_187' title='bbox 1163 3327 1218 3420; x_wconf 82' lang='grc' dir='ltr'><strong><em>καί</em></strong></span> <span class='ocrx_word' id='word_1_188' title='bbox 1228 3340 1353 3396; x_wconf 77' lang='lat' dir='ltr'>deesfflr</span> 
     </span>
    </p>
   </div>
   <div class='ocr_carea' id='block_1_5' title="bbox 277 3498 1296 3913">
    <p class='ocr_par' dir='ltr' id='par_1_10' title="bbox 277 3498 1296 3913">
     <span class='ocr_line' id='line_1_26' title="bbox 352 3498 1293 3574; baseline 0.007 -23"><span class='ocrx_word' id='word_1_189' title='bbox 352 3519 377 3552; x_wconf 90' lang='lat' dir='ltr'><strong><em>v.</em></strong></span> <span class='ocrx_word' id='word_1_190' title='bbox 394 3507 409 3553; x_wconf 82' lang='lat'>2</span> <span class='ocrx_word' id='word_1_191' title='bbox 429 3498 611 3562; x_wconf 80' lang='grc' dir='ltr'><strong><em>ἐνδαστάνοις</em></strong></span> <span class='ocrx_word' id='word_1_192' title='bbox 629 3500 655 3569; x_wconf 85' lang='lat' dir='ltr'><strong><em>S,</em></strong></span> <span class='ocrx_word' id='word_1_193' title='bbox 675 3500 705 3555; x_wconf 79' lang='grc' dir='ltr'><strong><em>ἐν</em></strong></span> <span class='ocrx_word' id='word_1_194' title='bbox 725 3500 965 3574; x_wconf 84' lang='grc' dir='ltr'><strong><em>&lt;Δα&gt;δαστάνοις</em></strong></span> <span class='ocrx_word' id='word_1_195' title='bbox 986 3500 1122 3573; x_wconf 70' lang='lat' dir='ltr'><strong>temptavi</strong></span> <span class='ocrx_word' id='word_1_196' title='bbox 1195 3509 1227 3557; x_wconf 93' lang='lat'><strong><em>11</em></strong></span> <span class='ocrx_word' id='word_1_197' title='bbox 1249 3501 1293 3558; x_wconf 83' lang='grc' dir='ltr'><strong><em>ὅτι</em></strong></span> 
     </span>
     <span class='ocr_line' id='line_1_27' title="bbox 281 3567 1295 3645; baseline 0.003 -20"><span class='ocrx_word' id='word_1_198' title='bbox 281 3573 425 3640; x_wconf 83' lang='grc' dir='ltr'><strong><em>σώφρονες</em></strong></span> <span class='ocrx_word' id='word_1_199' title='bbox 439 3569 579 3638; x_wconf 85' lang='grc' dir='ltr'><strong><em>Ἑλλήνων</em></strong></span> <span class='ocrx_word' id='word_1_200' title='bbox 598 3567 685 3626; x_wconf 73' lang='grc' dir='ltr'><strong><em>οὗτοι·</em></strong></span> <span class='ocrx_word' id='word_1_201' title='bbox 711 3570 932 3641; x_wconf 88' lang='grc' dir='ltr'><strong><em>Βελλεροφόντης</em></strong></span> <span class='ocrx_word' id='word_1_202' title='bbox 944 3572 1118 3645; x_wconf 76' lang='grc' dir='ltr'><strong><em>Σθενεβοίας</em></strong></span> <span class='ocrx_word' id='word_1_203' title='bbox 1135 3574 1184 3627; x_wconf 84' lang='grc' dir='ltr'><strong><em>καί</em></strong></span> <span class='ocrx_word' id='word_1_204' title='bbox 1205 3571 1295 3644; x_wconf 81' lang='grc' dir='ltr'><strong><em>Τέλης</em></strong></span> 
     </span>
     <span class='ocr_line' id='line_1_28' title="bbox 277 3639 1296 3713; baseline 0.001 -16"><span class='ocrx_word' id='word_1_205' title='bbox 277 3639 467 3713; x_wconf 80' lang='grc' dir='ltr'><strong><em>Ἀλφεσιβοίας</em></strong></span> <span class='ocrx_word' id='word_1_206' title='bbox 492 3642 539 3695; x_wconf 84' lang='grc' dir='ltr'><strong><em>καί</em></strong></span> <span class='ocrx_word' id='word_1_207' title='bbox 564 3644 670 3711; x_wconf 83' lang='grc' dir='ltr'><strong><em>Πηλεὺς</em></strong></span> <span class='ocrx_word' id='word_1_208' title='bbox 691 3640 886 3712; x_wconf 80' lang='grc' dir='ltr'><strong><em>Ἀστυδαμείας</em></strong></span> <span class='ocrx_word' id='word_1_209' title='bbox 910 3645 957 3698; x_wconf 82' lang='grc' dir='ltr'><strong><em>καί</em></strong></span> <span class='ocrx_word' id='word_1_210' title='bbox 979 3642 1140 3706; x_wconf 78' lang='grc' dir='ltr'><strong><em>Ἱππόλυτος</em></strong></span> <span class='ocrx_word' id='word_1_211' title='bbox 1165 3642 1296 3713; x_wconf 84' lang='grc' dir='ltr'><strong><em>Φαίδρας</em></strong></span> 
     </span>
     <span class='ocr_line' id='line_1_29' title="bbox 282 3712 1294 3784; baseline 0.006 -17"><span class='ocrx_word' id='word_1_212' title='bbox 282 3712 382 3783; x_wconf 82' lang='lat' dir='ltr'><strong>Georg.</strong></span> <span class='ocrx_word' id='word_1_213' title='bbox 403 3712 517 3767; x_wconf 86' lang='lat' dir='ltr'>Cedren.</span> <span class='ocrx_word' id='word_1_214' title='bbox 539 3712 604 3765; x_wconf 75' lang='lat' dir='ltr'><strong>hist.</strong></span> <span class='ocrx_word' id='word_1_215' title='bbox 628 3731 715 3784; x_wconf 80' lang='lat' dir='ltr'><strong>comp.</strong></span> <span class='ocrx_word' id='word_1_216' title='bbox 735 3733 762 3784; x_wconf 92' lang='lat' dir='ltr'><strong><em>p.</em></strong></span> <span class='ocrx_word' id='word_1_217' title='bbox 778 3719 844 3782; x_wconf 78' lang='lat'><strong>296,</strong></span> <span class='ocrx_word' id='word_1_218' title='bbox 860 3715 987 3769; x_wconf 83' lang='lat' dir='ltr'>16Bonn.</span> <span class='ocrx_word' id='word_1_219' title='bbox 1074 3720 1106 3770; x_wconf 82' lang='lat'><strong><em>16</em></strong></span> <span class='ocrx_word' id='word_1_220' title='bbox 1125 3714 1244 3771; x_wconf 75' lang='grc' dir='ltr'><strong><em>ἑκάστου</em></strong></span> <span class='ocrx_word' id='word_1_221' title='bbox 1264 3718 1294 3784; x_wconf 79' lang='lat' dir='ltr'><strong><em>S,</em></strong></span> 
     </span>
     <span class='ocr_line' id='line_1_30' title="bbox 282 3782 1294 3857; baseline 0.006 -19"><span class='ocrx_word' id='word_1_222' title='bbox 282 3801 350 3838; x_wconf 84' lang='lat' dir='ltr'>corr.</span> <span class='ocrx_word' id='word_1_223' title='bbox 367 3782 418 3838; x_wconf 66' lang='grc' dir='ltr'><strong><em>(λυ.</em></strong></span> <span class='ocrx_word' id='word_1_224' title='bbox 434 3782 512 3836; x_wconf 84' lang='lat' dir='ltr'><strong>Kroll</strong></span> <span class='ocrx_word' id='word_1_225' title='bbox 577 3789 609 3836; x_wconf 81' lang='lat'><strong><em>23</em></strong></span> <span class='ocrx_word' id='word_1_226' title='bbox 627 3784 676 3840; x_wconf 83' lang='grc' dir='ltr'><strong><em>τόν</em></strong></span> <span class='ocrx_word' id='word_1_227' title='bbox 694 3784 774 3855; x_wconf 80' lang='grc' dir='ltr'><strong><em>ήλιον</em></strong></span> <span class='ocrx_word' id='word_1_228' title='bbox 794 3785 821 3853; x_wconf 81' lang='lat' dir='ltr'><strong><em>S,</em></strong></span> <span class='ocrx_word' id='word_1_229' title='bbox 842 3802 913 3854; x_wconf 78' lang='lat' dir='ltr'>quae</span> <span class='ocrx_word' id='word_1_230' title='bbox 932 3786 1037 3840; x_wconf 84' lang='lat' dir='ltr'>correxi</span> <span class='ocrx_word' id='word_1_231' title='bbox 1099 3792 1179 3853; x_wconf 77' lang='lat'><strong>§165</strong></span> <span class='ocrx_word' id='word_1_232' title='bbox 1198 3787 1294 3857; x_wconf 86' lang='lat' dir='ltr'>primo</span> 
     </span>
     <span class='ocr_line' id='line_1_31' title="bbox 281 3853 1062 3913; baseline 0.006 -5"><span class='ocrx_word' id='word_1_233' title='bbox 281 3856 402 3909; x_wconf 77' lang='lat' dir='ltr'>fortasse</span> <span class='ocrx_word' id='word_1_234' title='bbox 420 3853 493 3907; x_wconf 89' lang='lat' dir='ltr'>libro</span> <span class='ocrx_word' id='word_1_235' title='bbox 513 3857 555 3908; x_wconf 79' lang='lat' dir='ltr'><strong><em>est</em></strong></span> <span class='ocrx_word' id='word_1_236' title='bbox 573 3853 741 3911; x_wconf 80' lang='lat' dir='ltr'><strong>vindicanda</strong></span> <span class='ocrx_word' id='word_1_237' title='bbox 815 3861 849 3909; x_wconf 78' lang='lat'><strong><em>24</em></strong></span> <span class='ocrx_word' id='word_1_238' title='bbox 868 3855 1022 3913; x_wconf 84' lang='grc' dir='ltr'><strong><em>ἀντονίνον</em></strong></span> <span class='ocrx_word' id='word_1_239' title='bbox 1040 3858 1062 3913; x_wconf 90' lang='lat' dir='ltr'><em>S</em></span> 
     </span>
    </p>
   </div>
   <div class='ocr_carea' id='block_1_6' title="bbox 0 0 1542 4598">
    <p class='ocr_par' dir='ltr' id='par_1_11' title="bbox 0 0 1542 4598">
     <span class='ocr_line' id='line_1_32' title="bbox 0 0 1542 4598; baseline 0 0"><span class='ocrx_word' id='word_1_240' title='bbox 0 0 1542 4598; x_wconf 95' lang='lat' dir='ltr'><strong><em> </em></strong></span> 
     </span>
    </p>
   </div>
  </div>
 </body>
</html>
