3074 4598
656 522 862 578 PRAEFATIO
1123 526 1262 584 LXXXIII

255 717 304 772 ea,
330 695 378 755 cui
399 692 515 770 primns
540 688 733 751 hebdomadis
761 689 824 749 dies
852 691 1089 767 consecrabatur,
1116 690 1166 751 Sol
1189 699 1262 772 erat,

254 785 341 845 cuins
363 799 473 842 arcana
495 779 617 841 nomina
643 777 729 837 nobis
752 777 847 836 tradit
870 776 889 855 ξ
910 782 941 857 5,
967 800 1034 841 cum
1057 778 1113 857 §6
1137 779 1173 840 de
1194 782 1262 859 ipsa

253 875 326 949 agat
348 869 577 940 consecratione,
601 868 631 925 et
648 864 740 925 simili
757 866 846 925 modo
867 865 908 944 ἐξ
928 872 1033 930 7-12
1053 870 1261 947 demonstrent,

254 959 417 1019 secundum
440 957 518 1017 diem
539 955 653 1030 Lunae,
675 951 800 1013 tertium
822 954 922 1032 Marti,
945 962 1084 1034 quartum
1106 957 1261 1034 Mercurio,

251 1047 392 1124 quintum
418 1045 497 1120 Iori,
527 1045 644 1104 sextum
671 1041 795 1117 Veneri,
827 1045 984 1119 septimum
1013 1047 1139 1109 Saturno
1166 1046 1259 1106 fuisse

250 1136 390 1195 dicatum.
436 1136 506 1193 sunt
528 1133 630 1193 autem
652 1131 723 1207 hae,
751 1149 827 1208 quas
849 1133 938 1193 modo
965 1136 1145 1211 enumerari,
1172 1153 1259 1213 para·

252 1223 359 1303 graphi
382 1241 483 1284 omnes
506 1220 638 1282 eiusdem
660 1219 786 1299 generis,
808 1220 854 1280 ita
876 1222 912 1280 ut
934 1221 969 1281 de
991 1223 1029 1284 fis
1046 1226 1134 1301 plura
1152 1225 1258 1284 addere

249 1330 367 1373 necesse
394 1330 454 1371 non
482 1312 534 1372 sit:
562 1308 779 1369 Chaldaeorum
807 1308 886 1368 enim
907 1309 1193 1391 Aegyptiorumque,
1221 1314 1260 1374 ad

251 1420 326 1477 quos
348 1401 413 1479 ipse
434 1399 616 1461 Laurentius
642 1400 787 1475 provocat
809 1400 915 1470 testes,
941 1400 1117 1475 sapientiam
1140 1407 1259 1462 secutus

249 1490 315 1568 agit
338 1491 373 1551 de
396 1493 506 1550 natura
528 1490 683 1568 planetae,
706 1487 742 1546 de
764 1486 795 1546 vi
819 1486 877 1562 dei,
904 1487 955 1565 qni
976 1488 1022 1547 illi
1044 1488 1199 1567 praesidet,
1222 1490 1259 1551 de

248 1578 349 1640 indole
371 1581 487 1640 numeri
509 1578 654 1654 cuiusque
681 1574 749 1635 diei
794 1576 948 1652 profertur
973 1580 1075 1637 autem
1097 1578 1190 1638 omnis
1212 1579 1258 1638 in·

250 1687 324 1729 sana
342 1669 478 1730 doctrina
495 1666 749 1746 philosophorum,
768 1683 843 1742 quos
862 1666 1038 1727 recentiores
1056 1665 1259 1744 Pythagoreos

249 1760 280 1818 et
301 1758 472 1819 Platonicos
499 1757 629 1818 solemus
657 1755 766 1830 dicere,
793 1754 886 1814 verba
912 1754 970 1832 ipsi
991 1755 1177 1836 Pythagorae
1202 1756 1256 1816 im·

248 1851 356 1924 putata
379 1851 410 1907 et
432 1847 596 1906 sententiae
614 1843 750 1904 Platonis
773 1843 934 1921 genuinae3
958 1850 1113 1906 occurrunt
1134 1845 1256 1905 testium

247 1935 370 1995 nomina
402 1935 552 1995 Zoroastri
584 1930 695 2009 Orphei
726 1931 878 2008 Archytae
908 1933 1037 1994 Philolai
1068 1932 1168 1994 Ocelli
1213 1935 1257 1995 sic

247 2023 364 2099 septeni
386 2021 458 2096 dies,
484 2021 636 2098 planetae,
664 2021 714 2095 dii,
742 2021 913 2079 tractantur
933 2041 986 2099 per
1012 2026 1147 2100 septenas
1168 2041 1255 2099 para·

247 2110 390 2189 graphos,
422 2110 548 2187 septima
581 2111 683 2166 antem
714 2105 852 2167 absoluta
880 2108 956 2168 liber
983 2111 1125 2170 secundus
1152 2110 1258 2170 finitur

246 2202 404 2276 prospectu
434 2199 563 2276 quodam
588 2196 622 2255 in
648 2194 806 2255 materiam
837 2196 907 2255 libri
937 2197 1019 2256 tertii
1049 2198 1141 2274 facte,
1171 2198 1255 2258 haud

245 2289 320 2348 bene
344 2307 411 2349 cum
432 2287 471 2346 iis
499 2303 575 2364 quae
603 2284 783 2344 antecedunt
807 2315 849 2326 -
871 2284 916 2344 ita
937 2288 972 2344 nt
993 2287 1175 2347 intercidisse
1199 2288 1252 2347 ali·

246 2377 319 2454 quid
337 2379 497 2454 pateat-
512 2374 682 2436 coniuncto:
706 2391 812 2433 aevum
831 2372 910 2432 enim
928 2373 1029 2434 confici
1048 2376 1091 2434 ait
1107 2373 1136 2448 ἐξ
1156 2371 1251 2456 ὡρῶν,

246 2458 308 2525 εἶτα
329 2461 456 2546 ἡμερῶν,
478 2457 539 2525 εἶτα
560 2460 745 2541 ἑβδομάδων,
771 2459 870 2522 ἔπειτα
892 2467 1004 2542 μηνῶν,
1027 2455 1087 2524 εἶτα
1108 2460 1252 2525 ἐνιαυτῶν

245 2549 386 2613 κάκεῖθεν
403 2557 515 2632 καιρῶν
532 2548 582 2612 καὶ
600 2549 632 2611 τὸ
650 2549 755 2612 λοιπὸν
773 2549 892 2610 αἰώνων
910 2543 963 2632 (11,
978 2554 1017 2612 12
1030 2549 1123 2631 extr).
1154 2573 1252 2631 neque

245 2645 347 2701 tamen
368 2643 524 2718 praeterea
545 2639 643 2698 multa
665 2638 813 2699 interiisse
835 2640 1016 2715 putaverim:
1038 2642 1154 2720 integer
1173 2643 1253 2702 enim

243 2729 380 2807 plurimis
406 2730 496 2790 huius
517 2728 587 2788 libri
614 2728 749 2805 partibus
777 2727 992 2788 sententiarum
1017 2749 1107 2791 nexus
1133 2731 1252 2791 videtur

244 2837 320 2894 esse3
354 2819 401 2878 cni
428 2820 453 2878 si
484 2820 587 2879 contra
616 2817 710 2893 dicas,
741 2816 852 2876 librum
880 2816 1007 2877 alterum
1036 2820 1157 2897 reliquis
1189 2839 1251 2881 esse

243 2907 417 2984 breviorem,
438 2907 471 2967 id
490 2905 568 2984 qnod
587 2925 710 2982 operum
728 2905 946 2966 condendorum
966 2908 1038 2969 ntis
1059 2907 1172 2986 legibus
1190 2929 1250 2970 non

242 2995 429 3073 respondeat,
452 2999 483 3056 te
500 3013 645 3071 moneam,
669 2995 745 3055 talia
766 3014 785 3054 a
801 2994 963 3056 Laurentio
980 2998 1097 3074 saepius
1113 2998 1248 3076 neglecta

244 3102 321 3160 esse3
345 3085 380 3144 de
403 3082 628 3162 magistratibus
652 3084 731 3142 enim
752 3083 829 3143 liber
850 3084 957 3144 tertius
979 3085 1057 3144 idem
1079 3086 1159 3162 capit
1180 3104 1247 3162 spa·

244 3172 329 3247 tium,
353 3172 434 3250 qnod
457 3173 592 3248 expletur
615 3190 634 3230 a
656 3171 752 3247 primo
776 3174 807 3230 et
829 3171 924 3231 altero
946 3173 1116 3232 coniunctis.

308 3260 409 3336 Atque
431 3261 574 3320 hactenus
598 3257 714 3335 quidem
739 3258 775 3318 dc
792 3258 870 3318 libro
888 3260 1023 3320 secundo.
1059 3259 1128 3319 libri
1145 3263 1249 3322 autem

243 3346 327 3407 tertii
350 3347 449 3424 qualis
471 3346 597 3409 materia
620 3347 723 3423 fuerit,
746 3346 819 3406 item
842 3346 931 3409 titulo
955 3368 973 3408 a
995 3349 1127 3410 codicum
1148 3369 1246 3411 recen·

242 3437 325 3496 sione
346 3437 374 3496 X
397 3439 514 3496 servato
538 3437 685 3512 docemur,
709 3434 760 3514 qui
784 3439 829 3496 cst
850 3432 916 3515 περὶ
939 3436 1044 3516 μηνόςε
1067 3441 1166 3497 tamen
1183 3458 1245 3498 am·

240 3525 320 3603 plius
343 3526 434 3586 fuisse
456 3525 544 3585 huius
562 3523 631 3582 libri
649 3527 870 3603 argumentum,
892 3543 981 3602 quam
1003 3525 1082 3603 qnod
1098 3527 1245 3602 promitti·

240 3619 293 3674 tim
313 3614 519 3691 inscriptione,
545 3614 607 3672 iam
629 3612 804 3673 ridebimus.
848 3613 978 3689 primum
1003 3615 1128 3674 auctoris
1151 3616 1245 3675 nostri

243 3720 307 3762 esse
330 3703 440 3778 debirit,
467 3706 510 3778 nt,
535 3701 696 3779 posmuam
724 3700 759 3760 de
783 3701 831 3761 die
854 3704 885 3761 et
905 3701 1085 3762 hebdomade
1108 3702 1181 3780 egit,
1209 3703 1244 3762 de

242 3809 342 3852 mense
364 3792 543 3868 loqueretur.
589 3793 620 3850 et
641 3788 851 3851 vetustissimis
873 3791 1053 3867 temporibus
1076 3791 1182 3850 mensis
1201 3810 1244 3850 se·

243 3881 371 3940 cundum
392 3880 482 3939 lunae
505 3897 622 3940 cursum
646 3877 886 3955 computabatur,
912 3879 994 3954 prius
1017 3883 1128 3954 autem,
1155 3898 1244 3956 quam

1058 3976 1086 4030 f·
