3074 4598
298 477 342 544 90
524 476 633 533 LIBER
652 474 830 542 QUARTUS.
855 474 1084 532 FEBRUARIUS

256 649 284 706 Y
297 642 415 709 διὰτὸ
437 653 567 730 χρῶμα,
595 636 717 723 ὁμοίως
737 641 896 727 πράσινοι
917 649 960 728 γῇ
984 641 1041 706 διὰ
1062 640 1103 705 τά
1124 639 1230 724 ἄνθη,
1257 638 1321 724 βέ-

294 773 386 816 νετοι
405 749 510 835 Ἥρη,
545 742 658 810 λευκοὶ
686 742 724 811 δὲ
754 746 862 813 ῧδατι.
908 748 940 813 οἰ
968 746 1009 813 δέ
1033 764 1114 833 φασι
1144 747 1319 832 πράσινον

295 853 359 942 μὲν
380 857 417 920 τὸ
441 857 521 937 ἔαρ,1
535 849 674 935 ήούσιου
697 849 734 918 δὲ
757 854 794 919 τὸ
817 852 929 940 θέρος,
952 854 1089 939 βένετον
1110 847 1148 918 δέ
1169 853 1208 918 τὸ
1229 860 1319 939 φθι-

295 964 463 1046 νόπωρον,
486 955 608 1022 λευκὸν
630 953 668 1022 δὲ
689 959 750 1025 τὸν
773 969 927 1043 χειμῶνα.
971 961 1230 1044 κακοδαιμονίαν
1247 955 1318 1027 οὖν

254 1090 282 1134 ·ἐ
296 1069 487 1145 οἰωνιζουτο
506 1063 569 1146 τήν
590 1066 725 1149 χείρονα
747 1074 864 1150 ψήφου
884 1066 945 1131 τὸν
963 1065 1116 1155 ἀνθηρὸν
1132 1064 1316 1150 ἀπενέγκα-

295 1179 388 1256 σθαι,
416 1172 462 1249 ὡς
484 1169 587 1255 αὐτῆς
604 1168 726 1255 Ῥώμης
752 1171 960 1256 ήττηδείσης.
1004 1184 1065 1240 τοῦ
1086 1175 1149 1260 γὰρ
1173 1174 1315 1241 δυτικοῦ

293 1278 436 1366 κέντρου
458 1279 507 1356 εἰς
528 1276 567 1342 τὸ
595 1284 653 1360 τῆς
674 1286 735 1360 γής
757 1288 922 1362 στοιχείου
949 1277 1201 1366 ἀναφερομένου
1223 1281 1315 1360 εἰκὸς

293 1380 338 1470 ήν
360 1386 474 1464 αὐτοῖς
496 1381 610 1470 μέλειν
636 1381 746 1467 αὐτῆς.
794 1384 877 1450 ὅθεν
903 1382 959 1449 καὶ
978 1383 1110 1451 Ἑστίαν
1135 1387 1200 1473 πρὸ
1226 1388 1314 1454 πάν-

294 1517 364 1558 των
385 1498 564 1580 φαίνονται
587 1490 782 1574 τιμήσαντες
795 1490 958 1576 Ῥωμαῖοι,
982 1493 1091 1578 ὥσπερ
1112 1491 1174 1556 τὸν
1194 1514 1314 1580 πετρο-

254 1609 376 1684 ιιγενή
403 1603 549 1685 Μίθραν
575 1597 609 1662 οἰ
636 1594 765 1681 Πέρσαι
793 1598 850 1663 διὰ
876 1599 915 1664 τὸ
942 1607 1004 1664 τοῦ
1029 1597 1133 1684 πυρὸς
1159 1596 1313 1685 κέντρον,

293 1703 349 1771 καί
372 1706 434 1790 τήν
455 1705 566 1790 ὑγράν
589 1701 708 1769 οὐσίαν
731 1704 764 1768 οἰ
785 1702 851 1768 ὑπὸ
874 1705 936 1787 τήν
949 1703 1092 1789 ’Ἄρκτον
1109 1703 1167 1769 διδ
1184 1704 1221 1770 τὸ
1239 1704 1313 1772 κέν·

292 1836 376 1897 τρον
402 1821 464 1878 τοῦ
491 1809 628 1894 ὕδατος,
654 1806 710 1874 καὶ
733 1800 817 1875 Ἶσιν
840 1809 1031 1895 Αἰγύπτιοι,
1058 1808 1132 1877 ἀντὶ
1160 1819 1220 1878 τοῦ
1246 1812 1312 1897 τήν

293 1920 460 2005 Σελήνην,
483 1918 546 2002 τήν
567 1925 628 1983 τοῦ
650 1915 775 1995 παντὸς
796 1915 894 2003 ἀέρος
917 1919 1052 2003 ἔφορον.

252 2032 279 2088 Χ
360 2024 413 2092 31.
430 2026 596 2111 Καθάπερ
611 2023 695 2112 έντή
709 2028 818 2112 μήτρᾳ
831 2025 998 2111 τυγχάνον
1011 2027 1048 2093 τὸ
1057 2023 1367 2112 βρέφοςούΒιΝεσ

247 2155 281 2199 ιε
294 2133 401 2200 δεῖται
424 2130 537 2220 ἑτέρας
558 2140 695 2219 τροφῆς,
717 2130 790 2198 ἀλλ’
813 2128 1002 2218 έξαίματος
1020 2133 1220 2217 εἰλικρινοῦς
1237 2131 1311 2218 τρέ-

294 2262 403 2326 φεται,
422 2239 528 2317 οὕτως
547 2235 627 2305 οὐδὲ
644 2250 715 2318 τοῖς
732 2240 945 2323 τελευτήσασι
963 2240 1046 2305 κατὰ
1062 2239 1123 2305 τὸν
1134 2240 1310 2325 πρότερον,

293 2346 339 2423 ὡς
370 2345 542 2432 ἐλέγομεν,
579 2344 734 2413 ἐνιαυτὸν
765 2343 955 2429 ἐπεχόαζον,
993 2346 1100 2430 ὥσπερ
1134 2343 1172 2409 ἐν
1201 2347 1311 2432 μήτρᾳ

292 2454 383 2540 παρὰ
399 2463 445 2540 ,τῇ
468 2452 569 2538 φύσει
598 2453 836 2519 λανθάνουσιν.
881 2451 916 2517 αἰ
943 2453 1007 2538 γάρ
1029 2448 1103 2537 χοαί
1129 2454 1310 2537 παραόαιχή

294 2583 345 2636 τις
360 2558 548 2645 εἰσεφέρετο
566 2569 636 2634 τοῖς
655 2560 807 2634 εἰδώλοις
824 2568 892 2623 τῶν
905 2559 1191 2644 τετελευτηκότων,
1213 2559 1309 2644 γάλα,

167 2716 170 2721 -
246 2690 281 2730 ἰο
294 2656 375 2749 αἷμα
397 2663 452 2730 καί
475 2659 579 2749 οἶνος,
606 2661 661 2729 καί
689 2665 871 2749 σεμίδαλις,
897 2663 953 2730 καί
980 2667 1109 2750 κόγχος,
1135 2663 1192 2730 καί
1213 2663 1310 2750 ἕτερά

294 2794 378 2836 τινα.
422 2771 502 2856 χοὰς
534 2765 572 2834 δέ
604 2769 705 2847 αὐτὰς
737 2769 908 2853 ὠνόμαζον
940 2769 976 2835 έκ
1007 2780 1067 2836 τοῦ
1098 2769 1310 2855 έπεκχεῑσθαι

293 2887 364 2952 τοίς
386 2877 514 2962 τάφοις.
560 2877 694 2955 σώζεται
717 2872 755 2940 δέ
781 2872 838 2940 καί
864 2884 929 2940 νῦν
955 2882 1059 2960 ἴχνος·
1087 2874 1124 2941 έν
1151 2877 1215 2963 γάρ
1237 2887 1308 2954 τοῖς

294 2983 397 3067 ἱεροῖς
419 2984 523 3069 ἄρτον
546 2979 601 3048 καί
625 2976 719 3048 οἶνον
740 2978 983 3067 προσφέρομεν.

259 3097 278 3153 S
360 3088 414 3153 32.
427 3087 499 3154 Ὅτι
519 3089 537 3155 ὁ
556 3087 742 3173 Αἰγύπτιος
755 3087 877 3174 Ἑρμής
894 3085 932 3153 έν
950 3096 996 3176 τῷ
1015 3091 1101 3177 λόγῳ
1120 3089 1225 3157 αὐτοῦ
1238 3099 1364 3158 deest&

363 3353 389 3390 v.
405 3341 440 3390 24
457 3334 588 3389 Hermes:
606 3333 650 3388 Ρι.
669 3333 771 3404 Apulei
789 3333 927 3405 Dialogus
946 3351 969 3389 ο.
988 3333 1104 3390 XXVIII

190 3596 198 3616 .
363 3583 388 3619 v.
409 3571 424 3619 1
448 3562 639 3620 Salmasius
631 3581 662 3618 ιιι
687 3563 826 3619 Plinianis
854 3562 1137 3620 exercitationibus
1128 3582 1159 3618 ιιι
1187 3563 1215 3621 (λ.
1239 3564 1306 3620 Iulii

292 3635 396 3833 Ξᾚ.
409 3633 1307 3786 Ἡδλωζῗοέλῗὲῗιιῗᾶιὲἰῗέ.δὲίάῗλὲιιρῗλ

292 3776 455 3919 {aaliz-
471 3783 549 3903 4²21&
546 3785 609 3903 αμῇ
600 3793 783 3910 mmBmarg
802 3776 832 3831 Y
906 3774 1049 3846 8μέλλειν
1065 3777 1096 3832 D
1173 3775 1306 3885 θοίήο-
