<?xml version="1.0" encoding="UTF-8"?>
<!DOCTYPE html PUBLIC "-//W3C//DTD XHTML 1.0 Transitional//EN"
    "http://www.w3.org/TR/xhtml1/DTD/xhtml1-transitional.dtd">
<html xmlns="http://www.w3.org/1999/xhtml" xml:lang="en" lang="en">
 <head>
  <title>
</title>
<meta http-equiv="Content-Type" content="text/html;charset=utf-8" />
  <meta name='ocr-system' content='tesseract 3.04.00' />
  <meta name='ocr-capabilities' content='ocr_page ocr_carea ocr_par ocr_line ocrx_word'/>
</head>
<body>
  <div class='ocr_page' id='page_1' title='image "./ioannislaurenti00wuengoog_0050.png"; bbox 0 0 3074 4598; ppageno 0'>
   <div class='ocr_carea' id='block_1_1' title="bbox 672 533 1281 594">
    <p class='ocr_par' dir='ltr' id='par_1_1' title="bbox 672 533 1281 594">
     <span class='ocr_line' id='line_1_1' title="bbox 672 533 1281 594; baseline 0.007 -4"><span class='ocrx_word' id='word_1_1' title='bbox 672 533 879 592; x_wconf 77' lang='lat' dir='ltr'><strong>PRAEFATIO</strong></span> <span class='ocrx_word' id='word_1_2' title='bbox 1219 537 1281 594; x_wconf 77' lang='lat' dir='ltr'><strong>xm</strong></span> 
     </span>
    </p>
   </div>
   <div class='ocr_carea' id='block_1_2' title="bbox 243 701 1310 2378">
    <p class='ocr_par' dir='ltr' id='par_1_2' title="bbox 243 701 1310 2378">
     <span class='ocr_line' id='line_1_2' title="bbox 269 701 1280 785; baseline 0.002 -20"><span class='ocrx_word' id='word_1_3' title='bbox 269 724 358 785; x_wconf 89' lang='lat' dir='ltr'><strong>quem</strong></span> <span class='ocrx_word' id='word_1_4' title='bbox 379 703 511 764; x_wconf 81' lang='lat' dir='ltr'><strong>hebeent</strong></span> <span class='ocrx_word' id='word_1_5' title='bbox 534 721 601 763; x_wconf 86' lang='lat' dir='ltr'><strong>cnm</strong></span> <span class='ocrx_word' id='word_1_6' title='bbox 622 701 710 763; x_wconf 86' lang='lat' dir='ltr'><strong>rebus</strong></span> <span class='ocrx_word' id='word_1_7' title='bbox 737 701 770 760; x_wconf 90' lang='lat' dir='ltr'><strong>in</strong></span> <span class='ocrx_word' id='word_1_8' title='bbox 799 701 853 762; x_wconf 90' lang='grc' dir='ltr'>111ο</span> <span class='ocrx_word' id='word_1_9' title='bbox 882 703 1037 781; x_wconf 83' lang='lat' dir='ltr'><strong>expositis:</strong></span> <span class='ocrx_word' id='word_1_10' title='bbox 1072 701 1124 763; x_wconf 88' lang='lat' dir='ltr'><strong>sed</strong></span> <span class='ocrx_word' id='word_1_11' title='bbox 1152 704 1280 767; x_wconf 72' lang='lat' dir='ltr'><strong>uterum</strong></span> 
     </span>
     <span class='ocr_line' id='line_1_3' title="bbox 269 788 1278 871; baseline 0.001 -18"><span class='ocrx_word' id='word_1_12' title='bbox 269 796 305 854; x_wconf 88' lang='lat' dir='ltr'><strong>de</strong></span> <span class='ocrx_word' id='word_1_13' title='bbox 334 791 462 871; x_wconf 81' lang='lat' dir='ltr'><strong>bisextn,</strong></span> <span class='ocrx_word' id='word_1_14' title='bbox 500 791 582 869; x_wconf 90' lang='lat' dir='ltr'><strong>quod</strong></span> <span class='ocrx_word' id='word_1_15' title='bbox 611 789 631 848; x_wconf 85' lang='lat' dir='ltr'><strong>f.</strong></span> <span class='ocrx_word' id='word_1_16' title='bbox 657 791 741 850; x_wconf 72' lang='lat'>107&#39;</span> <span class='ocrx_word' id='word_1_17' title='bbox 766 788 891 868; x_wconf 79' lang='lat' dir='ltr'><strong>iegitur,</strong></span> <span class='ocrx_word' id='word_1_18' title='bbox 923 811 940 854; x_wconf 90' lang='lat' dir='ltr'><strong>e</strong></span> <span class='ocrx_word' id='word_1_19' title='bbox 967 790 1109 852; x_wconf 73' lang='lat' dir='ltr'><strong>Macrobii</strong></span> <span class='ocrx_word' id='word_1_20' title='bbox 1136 791 1278 854; x_wconf 69' lang='lat' dir='ltr'><strong>Saturna·</strong></span> 
     </span>
     <span class='ocr_line' id='line_1_4' title="bbox 243 877 1278 959; baseline 0.002 -18"><span class='ocrx_word' id='word_1_21' title='bbox 243 923 245 927; x_wconf 90' lang='lat'>-</span> <span class='ocrx_word' id='word_1_22' title='bbox 267 881 346 942; x_wconf 85' lang='lat' dir='ltr'><strong>libus</strong></span> <span class='ocrx_word' id='word_1_23' title='bbox 366 880 447 959; x_wconf 85' lang='grc' dir='ltr'>Ι,14</span> <span class='ocrx_word' id='word_1_24' title='bbox 469 881 614 940; x_wconf 78' lang='lat' dir='ltr'><strong>haustum</strong></span> <span class='ocrx_word' id='word_1_25' title='bbox 635 877 756 938; x_wconf 83' lang='lat' dir='ltr'><strong>videtur</strong></span> <span class='ocrx_word' id='word_1_26' title='bbox 778 895 854 957; x_wconf 89' lang='lat' dir='ltr'><strong>esse,</strong></span> <span class='ocrx_word' id='word_1_27' title='bbox 883 883 914 940; x_wconf 85' lang='lat' dir='ltr'><strong>et</strong></span> <span class='ocrx_word' id='word_1_28' title='bbox 936 881 1064 942; x_wconf 75' lang='lat' dir='ltr'><strong>alterum</strong></span> <span class='ocrx_word' id='word_1_29' title='bbox 1089 880 1153 957; x_wconf 86' lang='lat' dir='ltr'><strong>ipso</strong></span> <span class='ocrx_word' id='word_1_30' title='bbox 1176 882 1278 943; x_wconf 82' lang='lat' dir='ltr'><strong>verbo·</strong></span> 
     </span>
     <span class='ocr_line' id='line_1_5' title="bbox 265 965 1310 1048; baseline 0 -18"><span class='ocrx_word' id='word_1_31' title='bbox 265 976 336 1030; x_wconf 81' lang='lat' dir='ltr'><strong>runi</strong></span> <span class='ocrx_word' id='word_1_32' title='bbox 357 970 459 1029; x_wconf 85' lang='lat' dir='ltr'><strong>tenore</strong></span> <span class='ocrx_word' id='word_1_33' title='bbox 479 969 587 1045; x_wconf 75' lang='lat' dir='ltr'><strong>postea</strong></span> <span class='ocrx_word' id='word_1_34' title='bbox 604 966 664 1026; x_wconf 80' lang='lat' dir='ltr'><strong>elio</strong></span> <span class='ocrx_word' id='word_1_35' title='bbox 684 985 720 1025; x_wconf 82' lang='lat' dir='ltr'><strong>ex</strong></span> <span class='ocrx_word' id='word_1_36' title='bbox 741 965 824 1026; x_wconf 87' lang='lat' dir='ltr'><strong>fonte</strong></span> <span class='ocrx_word' id='word_1_37' title='bbox 847 967 985 1029; x_wconf 80' lang='lat' dir='ltr'><strong>additum</strong></span> <span class='ocrx_word' id='word_1_38' title='bbox 1011 989 1073 1031; x_wconf 89' lang='lat' dir='ltr'><strong>esse</strong></span> <span class='ocrx_word' id='word_1_39' title='bbox 1100 969 1279 1048; x_wconf 86' lang='lat' dir='ltr'><strong>ostenditnr;</strong></span> <span class='ocrx_word' id='word_1_40' title='bbox 1305 1009 1310 1018; x_wconf 70' lang='grc'><strong>»</strong></span> 
     </span>
     <span class='ocr_line' id='line_1_6' title="bbox 268 1053 1278 1136; baseline 0.001 -19"><span class='ocrx_word' id='word_1_41' title='bbox 268 1061 370 1117; x_wconf 80' lang='lat' dir='ltr'><strong>tamen</strong></span> <span class='ocrx_word' id='word_1_42' title='bbox 388 1056 465 1116; x_wconf 85' lang='lat' dir='ltr'><strong>illud</strong></span> <span class='ocrx_word' id='word_1_43' title='bbox 483 1057 608 1133; x_wconf 90' lang='lat' dir='ltr'><strong>propter</strong></span> <span class='ocrx_word' id='word_1_44' title='bbox 625 1053 776 1133; x_wconf 76' lang='lat' dir='ltr'><strong>singulare</strong></span> <span class='ocrx_word' id='word_1_45' title='bbox 795 1053 859 1116; x_wconf 86' lang='lat' dir='ltr'><strong>eius</strong></span> <span class='ocrx_word' id='word_1_46' title='bbox 878 1063 1086 1136; x_wconf 74' lang='lat' dir='ltr'><strong>argumentum</strong></span> <span class='ocrx_word' id='word_1_47' title='bbox 1104 1058 1278 1120; x_wconf 76' lang='lat' dir='ltr'><strong>adverbum</strong></span> 
     </span>
     <span class='ocr_line' id='line_1_7' title="bbox 266 1135 1278 1226; baseline 0.004 -20"><span class='ocrx_word' id='word_1_48' title='bbox 266 1146 337 1206; x_wconf 86' lang='lat' dir='ltr'><strong>huie</strong></span> <span class='ocrx_word' id='word_1_49' title='bbox 359 1145 425 1206; x_wconf 87' lang='lat' dir='ltr'><strong>loeo</strong></span> <span class='ocrx_word' id='word_1_50' title='bbox 447 1144 578 1204; x_wconf 87' lang='lat' dir='ltr'><strong>inserere</strong></span> <span class='ocrx_word' id='word_1_51' title='bbox 604 1143 695 1203; x_wconf 79' lang='lat' dir='ltr'><strong>lineet</strong></span> <span class='ocrx_word' id='word_1_52' title='bbox 717 1137 750 1220; x_wconf 82' lang='lat' dir='ltr'><strong>(f.</strong></span> <span class='ocrx_word' id='word_1_53' title='bbox 776 1135 883 1226; x_wconf 75' lang='lat'>109&#39;):</span> <span class='ocrx_word' id='word_1_54' title='bbox 910 1154 997 1207; x_wconf 78' lang='grc' dir='ltr'><strong><em>τοῦτο</em></strong></span> <span class='ocrx_word' id='word_1_55' title='bbox 1019 1147 1111 1222; x_wconf 75' lang='grc' dir='ltr'><strong><em>οὕτως</em></strong></span> <span class='ocrx_word' id='word_1_56' title='bbox 1133 1145 1191 1209; x_wconf 71' lang='lat' dir='ltr'><strong>oo</strong></span> <span class='ocrx_word' id='word_1_57' title='bbox 1209 1139 1278 1208; x_wconf 68' lang='lat' dir='ltr'><strong>‘Pe</strong></span> 
     </span>
     <span class='ocr_line' id='line_1_8' title="bbox 266 1226 1278 1316; baseline 0.002 -22"><span class='ocrx_word' id='word_1_58' title='bbox 266 1233 363 1314; x_wconf 84' lang='grc' dir='ltr'><strong><em>μαίων</em></strong></span> <span class='ocrx_word' id='word_1_59' title='bbox 391 1231 523 1294; x_wconf 79' lang='grc' dir='ltr'><strong><em>τέτακται</em></strong></span> <span class='ocrx_word' id='word_1_60' title='bbox 559 1226 700 1316; x_wconf 86' lang='lat' dir='ltr'><strong>(initium</strong></span> <span class='ocrx_word' id='word_1_61' title='bbox 734 1231 906 1293; x_wconf 79' lang='lat' dir='ltr'><strong>indictionis</strong></span> <span class='ocrx_word' id='word_1_62' title='bbox 946 1234 1014 1294; x_wconf 76' lang='lat' dir='ltr'><strong>Kn.</strong></span> <span class='ocrx_word' id='word_1_63' title='bbox 1046 1236 1134 1315; x_wconf 81' lang='lat' dir='ltr'><strong>Sept,</strong></span> <span class='ocrx_word' id='word_1_64' title='bbox 1164 1236 1200 1298; x_wconf 87' lang='lat' dir='ltr'><strong>cf.</strong></span> <span class='ocrx_word' id='word_1_65' title='bbox 1233 1236 1278 1296; x_wconf 81' lang='lat' dir='ltr'><strong>ed.</strong></span> 
     </span>
     <span class='ocr_line' id='line_1_9' title="bbox 264 1314 1278 1405; baseline 0.005 -23"><span class='ocrx_word' id='word_1_66' title='bbox 264 1342 293 1400; x_wconf 86' lang='lat' dir='ltr'><strong>p.</strong></span> <span class='ocrx_word' id='word_1_67' title='bbox 315 1324 366 1400; x_wconf 83' lang='grc'>61,</span> <span class='ocrx_word' id='word_1_68' title='bbox 381 1314 416 1405; x_wconf 87' lang='grc' dir='ltr'><strong>ό)</strong></span> <span class='ocrx_word' id='word_1_69' title='bbox 440 1318 481 1396; x_wconf 79' lang='grc' dir='ltr'><strong>ὡς</strong></span> <span class='ocrx_word' id='word_1_70' title='bbox 507 1318 679 1402; x_wconf 75' lang='grc' dir='ltr'><strong><em>ἀνθρώπων</em></strong></span> <span class='ocrx_word' id='word_1_71' title='bbox 705 1315 930 1400; x_wconf 72' lang='grc' dir='ltr'><strong><em>ἀσχολουμένων</em></strong></span> <span class='ocrx_word' id='word_1_72' title='bbox 958 1321 1001 1395; x_wconf 82' lang='grc' dir='ltr'><strong><em>είς</em></strong></span> <span class='ocrx_word' id='word_1_73' title='bbox 1026 1322 1058 1385; x_wconf 84' lang='grc' dir='ltr'><strong><em>τὸ</em></strong></span> <span class='ocrx_word' id='word_1_74' title='bbox 1085 1323 1278 1386; x_wconf 85' lang='grc' dir='ltr'><strong><em>δικαιοδοτεῖυ</em></strong></span> 
     </span>
     <span class='ocr_line' id='line_1_10' title="bbox 264 1408 1277 1496; baseline 0.005 -25"><span class='ocrx_word' id='word_1_75' title='bbox 264 1409 316 1472; x_wconf 74' lang='grc' dir='ltr'><strong>καὶ</strong></span> <span class='ocrx_word' id='word_1_76' title='bbox 342 1411 385 1485; x_wconf 84' lang='grc' dir='ltr'><strong><em>είς</em></strong></span> <span class='ocrx_word' id='word_1_77' title='bbox 411 1408 468 1490; x_wconf 78' lang='grc' dir='ltr'><strong>τήν</strong></span> <span class='ocrx_word' id='word_1_78' title='bbox 495 1408 706 1491; x_wconf 75' lang='grc' dir='ltr'><strong><em>συμφέρουσαν</em></strong></span> <span class='ocrx_word' id='word_1_79' title='bbox 737 1419 774 1494; x_wconf 80' lang='grc' dir='ltr'><strong><em>νή</em></strong></span> <span class='ocrx_word' id='word_1_80' title='bbox 805 1409 935 1494; x_wconf 67' lang='grc' dir='ltr'><strong><em>πολιτείᾳ</em></strong></span> <span class='ocrx_word' id='word_1_81' title='bbox 963 1411 1147 1473; x_wconf 85' lang='grc' dir='ltr'><strong><em>κατάστασιν·</em></strong></span> <span class='ocrx_word' id='word_1_82' title='bbox 1183 1411 1277 1496; x_wconf 81' lang='grc' dir='ltr'><strong><em>όχάρ</em></strong></span> 
     </span>
     <span class='ocr_line' id='line_1_11' title="bbox 264 1496 1277 1582; baseline 0.004 -22"><span class='ocrx_word' id='word_1_83' title='bbox 264 1498 468 1582; x_wconf 80' lang='grc' dir='ltr'><strong><em>Σειττέμβριος</em></strong></span> <span class='ocrx_word' id='word_1_84' title='bbox 486 1498 547 1580; x_wconf 77' lang='grc' dir='ltr'><strong><em>μὴν</em></strong></span> <span class='ocrx_word' id='word_1_85' title='bbox 569 1507 628 1560; x_wconf 87' lang='grc' dir='ltr'><strong>τῶν</strong></span> <span class='ocrx_word' id='word_1_86' title='bbox 654 1496 865 1578; x_wconf 79' lang='grc' dir='ltr'><strong><em>παρελθόντων</em></strong></span> <span class='ocrx_word' id='word_1_87' title='bbox 887 1497 990 1560; x_wconf 87' lang='grc' dir='ltr'><strong><em>κόττωυ</em></strong></span> <span class='ocrx_word' id='word_1_88' title='bbox 1017 1497 1057 1574; x_wconf 75' lang='grc' dir='ltr'><strong>ὡς</strong></span> <span class='ocrx_word' id='word_1_89' title='bbox 1078 1497 1125 1561; x_wconf 75' lang='grc' dir='ltr'><strong>ἐπὶ</strong></span> <span class='ocrx_word' id='word_1_90' title='bbox 1146 1499 1178 1563; x_wconf 81' lang='grc' dir='ltr'><strong><em>τό</em></strong></span> <span class='ocrx_word' id='word_1_91' title='bbox 1199 1501 1277 1565; x_wconf 76' lang='grc' dir='ltr'><strong><em>πολὺ</em></strong></span> 
     </span>
     <span class='ocr_line' id='line_1_12' title="bbox 265 1584 1276 1671; baseline 0 -21"><span class='ocrx_word' id='word_1_92' title='bbox 265 1588 336 1663; x_wconf 78' lang='grc' dir='ltr'><strong><em>τοὺς</em></strong></span> <span class='ocrx_word' id='word_1_93' title='bbox 364 1589 497 1668; x_wconf 75' lang='grc' dir='ltr'><strong><em>καρποὺς</em></strong></span> <span class='ocrx_word' id='word_1_94' title='bbox 527 1587 684 1671; x_wconf 80' lang='grc' dir='ltr'><strong><em>συγκλείει,</em></strong></span> <span class='ocrx_word' id='word_1_95' title='bbox 710 1585 761 1648; x_wconf 70' lang='grc' dir='ltr'><strong>καὶ</strong></span> <span class='ocrx_word' id='word_1_96' title='bbox 787 1590 850 1661; x_wconf 78' lang='grc' dir='ltr'><strong><em>ταῖς</em></strong></span> <span class='ocrx_word' id='word_1_97' title='bbox 878 1584 1048 1667; x_wconf 82' lang='grc' dir='ltr'><strong><em>διττοθήκοις</em></strong></span> <span class='ocrx_word' id='word_1_98' title='bbox 1074 1585 1276 1671; x_wconf 79' lang='grc' dir='ltr'><strong><em>ἐνακοτίθησι,</em></strong></span> 
     </span>
     <span class='ocr_line' id='line_1_13' title="bbox 264 1673 1276 1758; baseline 0.001 -19"><span class='ocrx_word' id='word_1_99' title='bbox 264 1676 316 1740; x_wconf 70' lang='grc' dir='ltr'><strong>καὶ</strong></span> <span class='ocrx_word' id='word_1_100' title='bbox 345 1687 404 1740; x_wconf 89' lang='grc' dir='ltr'><strong>τῶν</strong></span> <span class='ocrx_word' id='word_1_101' title='bbox 430 1675 575 1740; x_wconf 78' lang='grc' dir='ltr'><strong><em>ἐπιόντων</em></strong></span> <span class='ocrx_word' id='word_1_102' title='bbox 600 1675 778 1756; x_wconf 83' lang='grc' dir='ltr'><strong><em>πνευμάτων</em></strong></span> <span class='ocrx_word' id='word_1_103' title='bbox 807 1673 965 1758; x_wconf 81' lang='grc' dir='ltr'><strong><em>ἆττάρχεται</em></strong></span> <span class='ocrx_word' id='word_1_104' title='bbox 992 1674 1043 1738; x_wconf 77' lang='grc' dir='ltr'><strong>καὶ</strong></span> <span class='ocrx_word' id='word_1_105' title='bbox 1070 1685 1128 1738; x_wconf 90' lang='grc' dir='ltr'><strong>τῶν</strong></span> <span class='ocrx_word' id='word_1_106' title='bbox 1156 1684 1276 1758; x_wconf 88' lang='grc' dir='ltr'><strong><em>μισθῶν</em></strong></span> 
     </span>
     <span class='ocr_line' id='line_1_14' title="bbox 264 1759 1276 1848; baseline 0 -19"><span class='ocrx_word' id='word_1_107' title='bbox 264 1765 315 1829; x_wconf 74' lang='grc' dir='ltr'><strong>καὶ</strong></span> <span class='ocrx_word' id='word_1_108' title='bbox 343 1777 402 1829; x_wconf 86' lang='grc' dir='ltr'><strong>τῶν</strong></span> <span class='ocrx_word' id='word_1_109' title='bbox 427 1768 549 1828; x_wconf 87' lang='grc' dir='ltr'><strong><em>πάντων</em></strong></span> <span class='ocrx_word' id='word_1_110' title='bbox 575 1763 706 1828; x_wconf 73' lang='grc' dir='ltr'><strong><em>καὶτῶν</em></strong></span> <span class='ocrx_word' id='word_1_111' title='bbox 728 1764 853 1827; x_wconf 87' lang='grc' dir='ltr'><strong><em>κίνσων·</em></strong></span> <span class='ocrx_word' id='word_1_112' title='bbox 880 1765 913 1828; x_wconf 85' lang='grc' dir='ltr'><strong><em>τό</em></strong></span> <span class='ocrx_word' id='word_1_113' title='bbox 937 1764 969 1829; x_wconf 76' lang='grc' dir='ltr'><strong>δὲ</strong></span> <span class='ocrx_word' id='word_1_114' title='bbox 993 1764 1099 1848; x_wconf 75' lang='grc' dir='ltr'><strong><em>λέγειν,</em></strong></span> <span class='ocrx_word' id='word_1_115' title='bbox 1126 1763 1169 1828; x_wconf 85' lang='grc' dir='ltr'><strong><em>ότι</em></strong></span> <span class='ocrx_word' id='word_1_116' title='bbox 1188 1759 1276 1829; x_wconf 88' lang='grc' dir='ltr'><strong><em>Ἰνδι-</em></strong></span> 
     </span>
     <span class='ocr_line' id='line_1_15' title="bbox 263 1848 1275 1938; baseline 0.002 -22"><span class='ocrx_word' id='word_1_117' title='bbox 263 1852 355 1917; x_wconf 79' lang='grc' dir='ltr'><strong><em>κτιδιν</em></strong></span> <span class='ocrx_word' id='word_1_118' title='bbox 375 1855 477 1933; x_wconf 80' lang='grc' dir='ltr'><strong><em>εἰληφε</em></strong></span> <span class='ocrx_word' id='word_1_119' title='bbox 495 1853 552 1934; x_wconf 79' lang='grc' dir='ltr'><strong>τήν</strong></span> <span class='ocrx_word' id='word_1_120' title='bbox 569 1852 662 1936; x_wconf 78' lang='grc' dir='ltr'><strong><em>ἀρχήν</em></strong></span> <span class='ocrx_word' id='word_1_121' title='bbox 679 1857 835 1916; x_wconf 83' lang='grc' dir='ltr'><strong><em>καλεῖσθαι</em></strong></span> <span class='ocrx_word' id='word_1_122' title='bbox 853 1852 912 1918; x_wconf 70' lang='lat' dir='ltr'><strong>dud</strong></span> <span class='ocrx_word' id='word_1_123' title='bbox 934 1878 1015 1929; x_wconf 88' lang='grc' dir='ltr'><strong><em>τινος</em></strong></span> <span class='ocrx_word' id='word_1_124' title='bbox 1033 1864 1192 1938; x_wconf 77' lang='grc' dir='ltr'><strong><em>στρατηγοῦ</em></strong></span> <span class='ocrx_word' id='word_1_125' title='bbox 1206 1848 1275 1918; x_wconf 77' lang='grc' dir='ltr'><strong>Ῥω·</strong></span> 
     </span>
     <span class='ocr_line' id='line_1_16' title="bbox 266 1936 1274 2026; baseline 0.003 -22"><span class='ocrx_word' id='word_1_126' title='bbox 266 1943 363 2023; x_wconf 86' lang='grc' dir='ltr'><strong><em>μαίων</em></strong></span> <span class='ocrx_word' id='word_1_127' title='bbox 376 1936 520 2004; x_wconf 87' lang='grc' dir='ltr'><strong><em>Ἰνδίκτου</em></strong></span> <span class='ocrx_word' id='word_1_128' title='bbox 541 1937 772 2022; x_wconf 84' lang='grc' dir='ltr'><strong><em>ήἸνδικτιῶνυς</em></strong></span> <span class='ocrx_word' id='word_1_129' title='bbox 790 1941 986 2024; x_wconf 70' lang='grc' dir='ltr'><strong><em>καλουμένου,</em></strong></span> <span class='ocrx_word' id='word_1_130' title='bbox 1007 1941 1056 2006; x_wconf 67' lang='lat' dir='ltr'><strong>eet</strong></span> <span class='ocrx_word' id='word_1_131' title='bbox 1071 1944 1186 2026; x_wconf 83' lang='grc' dir='ltr'><strong><em>χρόνοις</em></strong></span> <span class='ocrx_word' id='word_1_132' title='bbox 1204 1967 1274 2007; x_wconf 87' lang='grc' dir='ltr'><strong><em>ττεν-</em></strong></span> 
     </span>
     <span class='ocr_line' id='line_1_17' title="bbox 263 2024 1274 2115; baseline 0.004 -23"><span class='ocrx_word' id='word_1_133' title='bbox 263 2030 415 2092; x_wconf 86' lang='grc' dir='ltr'><strong><em>τεκαίδεκα</em></strong></span> <span class='ocrx_word' id='word_1_134' title='bbox 437 2029 570 2111; x_wconf 73' lang='grc' dir='ltr'><strong><em>μεγάλως</em></strong></span> <span class='ocrx_word' id='word_1_135' title='bbox 592 2030 805 2111; x_wconf 76' lang='grc' dir='ltr'><strong><em>εὐτυχήσαντος</em></strong></span> <span class='ocrx_word' id='word_1_136' title='bbox 826 2029 876 2092; x_wconf 73' lang='grc' dir='ltr'><strong>καὶ</strong></span> <span class='ocrx_word' id='word_1_137' title='bbox 898 2024 990 2106; x_wconf 77' lang='grc' dir='ltr'><strong><em>αὖθις</em></strong></span> <span class='ocrx_word' id='word_1_138' title='bbox 1011 2026 1060 2112; x_wconf 79' lang='grc' dir='ltr'><strong>ἐφ’</strong></span> <span class='ocrx_word' id='word_1_139' title='bbox 1081 2032 1187 2115; x_wconf 75' lang='grc' dir='ltr'><strong><em>ἑτέροις</em></strong></span> <span class='ocrx_word' id='word_1_140' title='bbox 1203 2056 1274 2096; x_wconf 85' lang='grc' dir='ltr'><strong><em>ιτεν-</em></strong></span> 
     </span>
     <span class='ocr_line' id='line_1_18' title="bbox 264 2116 1275 2202; baseline 0.004 -22"><span class='ocrx_word' id='word_1_141' title='bbox 264 2118 415 2180; x_wconf 90' lang='grc' dir='ltr'><strong><em>τεκαίδεκα</em></strong></span> <span class='ocrx_word' id='word_1_142' title='bbox 437 2117 689 2197; x_wconf 78' lang='grc' dir='ltr'><strong><em>δυστυχήσαντος,</em></strong></span> <span class='ocrx_word' id='word_1_143' title='bbox 715 2116 874 2180; x_wconf 79' lang='grc' dir='ltr'><strong><em>κέυτεῦθευ</em></strong></span> <span class='ocrx_word' id='word_1_144' title='bbox 902 2119 1062 2194; x_wconf 86' lang='grc' dir='ltr'><strong><em>δεδωκότος</em></strong></span> <span class='ocrx_word' id='word_1_145' title='bbox 1086 2128 1147 2195; x_wconf 87' lang='grc' dir='ltr'><strong><em>τοῖς</em></strong></span> <span class='ocrx_word' id='word_1_146' title='bbox 1168 2120 1275 2202; x_wconf 72' lang='grc' dir='ltr'><strong><em>ἐφεξῆς</em></strong></span> 
     </span>
     <span class='ocr_line' id='line_1_19' title="bbox 263 2204 1274 2291; baseline 0.003 -22"><span class='ocrx_word' id='word_1_147' title='bbox 263 2207 334 2288; x_wconf 85' lang='grc' dir='ltr'><strong><em>μετά</em></strong></span> <span class='ocrx_word' id='word_1_148' title='bbox 355 2229 436 2279; x_wconf 92' lang='grc' dir='ltr'><strong><em>τινος</em></strong></span> <span class='ocrx_word' id='word_1_149' title='bbox 458 2205 655 2289; x_wconf 76' lang='grc' dir='ltr'><strong><em>ἕτιτηρήσεως</em></strong></span> <span class='ocrx_word' id='word_1_150' title='bbox 677 2204 733 2286; x_wconf 82' lang='grc' dir='ltr'><strong>τήν</strong></span> <span class='ocrx_word' id='word_1_151' title='bbox 755 2214 815 2267; x_wconf 90' lang='grc' dir='ltr'><strong>τῶν</strong></span> <span class='ocrx_word' id='word_1_152' title='bbox 837 2205 953 2289; x_wconf 85' lang='grc' dir='ltr'><strong><em>χρόνων</em></strong></span> <span class='ocrx_word' id='word_1_153' title='bbox 970 2207 1081 2270; x_wconf 80' lang='grc' dir='ltr'><strong><em>τούτων</em></strong></span> <span class='ocrx_word' id='word_1_154' title='bbox 1099 2206 1274 2291; x_wconf 77' lang='grc' dir='ltr'><strong><em>ἀπαριθμεῖ·</em></strong></span> 
     </span>
     <span class='ocr_line' id='line_1_20' title="bbox 263 2293 1274 2378; baseline 0.003 -20"><span class='ocrx_word' id='word_1_155' title='bbox 263 2301 338 2358; x_wconf 83' lang='grc' dir='ltr'><strong><em>σθαι</em></strong></span> <span class='ocrx_word' id='word_1_156' title='bbox 367 2294 530 2376; x_wconf 80' lang='grc' dir='ltr'><strong><em>ποσότητα,</em></strong></span> <span class='ocrx_word' id='word_1_157' title='bbox 561 2301 697 2375; x_wconf 85' lang='grc' dir='ltr'><strong><em>μυθικῶς</em></strong></span> <span class='ocrx_word' id='word_1_158' title='bbox 729 2295 826 2356; x_wconf 80' lang='grc' dir='ltr'><strong><em>δοκεῖ·</em></strong></span> <span class='ocrx_word' id='word_1_159' title='bbox 857 2299 968 2376; x_wconf 86' lang='grc' dir='ltr'><strong><em>μᾶλλον</em></strong></span> <span class='ocrx_word' id='word_1_160' title='bbox 999 2293 1031 2359; x_wconf 78' lang='grc' dir='ltr'><strong>δὲ</strong></span> <span class='ocrx_word' id='word_1_161' title='bbox 1059 2295 1157 2378; x_wconf 79' lang='grc' dir='ltr'><strong><em>ἀληθῆ</em></strong></span> <span class='ocrx_word' id='word_1_162' title='bbox 1186 2299 1274 2362; x_wconf 82' lang='grc' dir='ltr'><strong><em>τότε</em></strong></span> 
     </span>
    </p>
   </div>
   <div class='ocr_carea' id='block_1_3' title="bbox 258 2399 1273 4001">
    <p class='ocr_par' dir='ltr' id='par_1_3' title="bbox 258 2399 1273 4001">
     <span class='ocr_line' id='line_1_21' title="bbox 263 2399 1273 2488; baseline 0.001 -23"><span class='ocrx_word' id='word_1_163' title='bbox 263 2399 404 2484; x_wconf 78' lang='grc' dir='ltr'><strong><em>εἰρημένα</em></strong></span> <span class='ocrx_word' id='word_1_164' title='bbox 425 2400 476 2464; x_wconf 73' lang='grc' dir='ltr'><strong>καὶ</strong></span> <span class='ocrx_word' id='word_1_165' title='bbox 499 2399 556 2463; x_wconf 88' lang='grc' dir='ltr'><strong>όσα</strong></span> <span class='ocrx_word' id='word_1_166' title='bbox 573 2399 605 2462; x_wconf 77' lang='grc' dir='ltr'><strong><em>ἔν</em></strong></span> <span class='ocrx_word' id='word_1_167' title='bbox 622 2423 652 2463; x_wconf 90' lang='grc' dir='ltr'><strong>τε</strong></span> <span class='ocrx_word' id='word_1_168' title='bbox 673 2405 714 2485; x_wconf 76' lang='grc' dir='ltr'><strong><em>τῷ</em></strong></span> <span class='ocrx_word' id='word_1_169' title='bbox 737 2403 757 2482; x_wconf 84' lang='grc' dir='ltr'>β</span> <span class='ocrx_word' id='word_1_170' title='bbox 778 2401 926 2488; x_wconf 75' lang='grc' dir='ltr'><strong><em>προσώπω</em></strong></span> <span class='ocrx_word' id='word_1_171' title='bbox 949 2412 1003 2465; x_wconf 78' lang='grc' dir='ltr'><strong><em>τοῦ</em></strong></span> <span class='ocrx_word' id='word_1_172' title='bbox 1024 2403 1140 2485; x_wconf 81' lang='grc' dir='ltr'><strong><em>κρότου</em></strong></span> <span class='ocrx_word' id='word_1_173' title='bbox 1158 2404 1273 2484; x_wconf 82' lang='grc' dir='ltr'><strong><em>φύλλου</em></strong></span> 
     </span>
     <span class='ocr_line' id='line_1_22' title="bbox 262 2488 1272 2577; baseline 0.003 -25"><span class='ocrx_word' id='word_1_174' title='bbox 262 2489 314 2552; x_wconf 70' lang='grc' dir='ltr'><strong>καὶ</strong></span> <span class='ocrx_word' id='word_1_175' title='bbox 335 2488 368 2551; x_wconf 80' lang='grc' dir='ltr'><strong><em>ἕν</em></strong></span> <span class='ocrx_word' id='word_1_176' title='bbox 390 2495 430 2575; x_wconf 77' lang='grc' dir='ltr'><strong><em>τῷ</em></strong></span> <span class='ocrx_word' id='word_1_177' title='bbox 453 2489 560 2577; x_wconf 75' lang='grc' dir='ltr'><strong><em>κρότῳ</em></strong></span> <span class='ocrx_word' id='word_1_178' title='bbox 586 2489 734 2575; x_wconf 76' lang='grc' dir='ltr'><strong><em>προσώπω</em></strong></span> <span class='ocrx_word' id='word_1_179' title='bbox 761 2497 815 2551; x_wconf 76' lang='grc' dir='ltr'><strong><em>τοῦ</em></strong></span> <span class='ocrx_word' id='word_1_180' title='bbox 842 2490 965 2553; x_wconf 79' lang='grc' dir='ltr'><strong><em>δεκάτου</em></strong></span> <span class='ocrx_word' id='word_1_181' title='bbox 992 2492 1105 2570; x_wconf 78' lang='grc' dir='ltr'><strong><em>φύλλου</em></strong></span> <span class='ocrx_word' id='word_1_182' title='bbox 1132 2490 1272 2574; x_wconf 79' lang='grc' dir='ltr'><strong><em>εὑρήσεις.</em></strong></span> 
     </span>
     <span class='ocr_line' id='line_1_23' title="bbox 262 2573 1273 2664; baseline 0.004 -24"><span class='ocrx_word' id='word_1_183' title='bbox 262 2580 414 2658; x_wconf 85' lang='lat' dir='ltr'><strong>relegetur</strong></span> <span class='ocrx_word' id='word_1_184' title='bbox 448 2583 552 2640; x_wconf 82' lang='lat' dir='ltr'><strong>eutem</strong></span> <span class='ocrx_word' id='word_1_185' title='bbox 586 2579 681 2639; x_wconf 86' lang='lat' dir='ltr'><strong>lector</strong></span> <span class='ocrx_word' id='word_1_186' title='bbox 716 2579 755 2639; x_wconf 82' lang='lat' dir='ltr'><strong>nd</strong></span> <span class='ocrx_word' id='word_1_187' title='bbox 780 2579 801 2638; x_wconf 87' lang='lat' dir='ltr'><strong>f.</strong></span> <span class='ocrx_word' id='word_1_188' title='bbox 831 2581 913 2640; x_wconf 65' lang='grc' dir='ltr'><strong>111π</strong></span> <span class='ocrx_word' id='word_1_189' title='bbox 942 2573 1005 2664; x_wconf 81' lang='lat'><strong>(··=.=</strong></span> <span class='ocrx_word' id='word_1_190' title='bbox 1028 2581 1070 2642; x_wconf 89' lang='lat' dir='ltr'><strong>ed</strong></span> <span class='ocrx_word' id='word_1_191' title='bbox 1102 2601 1131 2658; x_wconf 91' lang='lat' dir='ltr'><strong>p.</strong></span> <span class='ocrx_word' id='word_1_192' title='bbox 1155 2583 1210 2658; x_wconf 89' lang='lat'><strong>61,</strong></span> <span class='ocrx_word' id='word_1_193' title='bbox 1230 2579 1273 2662; x_wconf 81' lang='lat'><strong>7),</strong></span> 
     </span>
     <span class='ocr_line' id='line_1_24' title="bbox 261 2664 1272 2749; baseline 0.004 -21"><span class='ocrx_word' id='word_1_194' title='bbox 261 2668 315 2729; x_wconf 88' lang='lat' dir='ltr'><strong>ubi</strong></span> <span class='ocrx_word' id='word_1_195' title='bbox 338 2667 524 2745; x_wconf 73' lang='lat' dir='ltr'><strong>adscriptum</strong></span> <span class='ocrx_word' id='word_1_196' title='bbox 546 2670 592 2728; x_wconf 87' lang='lat' dir='ltr'><strong>est</strong></span> <span class='ocrx_word' id='word_1_197' title='bbox 612 2667 768 2728; x_wconf 80' lang='lat' dir='ltr'><strong>Laurentii</strong></span> <span class='ocrx_word' id='word_1_198' title='bbox 789 2667 887 2744; x_wconf 82' lang='lat' dir='ltr'><strong>verbis</strong></span> <span class='ocrx_word' id='word_1_199' title='bbox 910 2664 951 2748; x_wconf 75' lang='grc' dir='ltr'><strong><em>ἣν</em></strong></span> <span class='ocrx_word' id='word_1_200' title='bbox 972 2667 1057 2731; x_wconf 76' lang='grc' dir='ltr'><strong><em>αὐτοὶ</em></strong></span> <span class='ocrx_word' id='word_1_201' title='bbox 1078 2665 1132 2749; x_wconf 75' lang='grc' dir='ltr'><strong><em>μὲν</em></strong></span> <span class='ocrx_word' id='word_1_202' title='bbox 1153 2669 1272 2732; x_wconf 83' lang='grc' dir='ltr'><strong><em>ίνδικτι·</em></strong></span> 
     </span>
     <span class='ocr_line' id='line_1_25' title="bbox 261 2754 1272 2839; baseline 0.003 -21"><span class='ocrx_word' id='word_1_203' title='bbox 261 2765 326 2818; x_wconf 88' lang='grc' dir='ltr'><strong><em>ῶνα</em></strong></span> <span class='ocrx_word' id='word_1_204' title='bbox 347 2761 469 2818; x_wconf 80' lang='grc' dir='ltr'><strong><em>καλοῦσι</em></strong></span> <span class='ocrx_word' id='word_1_205' title='bbox 491 2758 525 2816; x_wconf 91' lang='lat' dir='ltr'><strong>in</strong></span> <span class='ocrx_word' id='word_1_206' title='bbox 546 2756 694 2836; x_wconf 77' lang='lat' dir='ltr'><strong>margine:</strong></span> <span class='ocrx_word' id='word_1_207' title='bbox 716 2756 794 2836; x_wconf 82' lang='grc' dir='ltr'><strong><em>ζήτει</em></strong></span> <span class='ocrx_word' id='word_1_208' title='bbox 815 2754 873 2839; x_wconf 88' lang='grc' dir='ltr'><strong><em>ττρδ</em></strong></span> <span class='ocrx_word' id='word_1_209' title='bbox 896 2758 1011 2836; x_wconf 82' lang='grc' dir='ltr'><strong><em>φύλλου</em></strong></span> <span class='ocrx_word' id='word_1_210' title='bbox 1028 2756 1102 2834; x_wconf 76' lang='grc' dir='ltr'><strong><em>ἑνός,</em></strong></span> <span class='ocrx_word' id='word_1_211' title='bbox 1123 2760 1201 2819; x_wconf 86' lang='lat' dir='ltr'><strong>unde</strong></span> <span class='ocrx_word' id='word_1_212' title='bbox 1219 2779 1272 2838; x_wconf 77' lang='lat' dir='ltr'><strong>ep·</strong></span> 
     </span>
     <span class='ocr_line' id='line_1_26' title="bbox 261 2859 1273 2952; baseline 0.004 -29"><span class='ocrx_word' id='word_1_213' title='bbox 261 2865 362 2943; x_wconf 82' lang='lat' dir='ltr'><strong>peret,</strong></span> <span class='ocrx_word' id='word_1_214' title='bbox 391 2882 505 2925; x_wconf 81' lang='lat' dir='ltr'><strong>emesse</strong></span> <span class='ocrx_word' id='word_1_215' title='bbox 527 2863 685 2923; x_wconf 81' lang='lat' dir='ltr'><strong>librarium</strong></span> <span class='ocrx_word' id='word_1_216' title='bbox 707 2881 774 2923; x_wconf 90' lang='lat' dir='ltr'><strong>cum</strong></span> <span class='ocrx_word' id='word_1_217' title='bbox 803 2863 945 2924; x_wconf 78' lang='lat' dir='ltr'><strong>scriberet</strong></span> <span class='ocrx_word' id='word_1_218' title='bbox 973 2859 1007 2924; x_wconf 78' lang='grc' dir='ltr'><strong><em>ἐν</em></strong></span> <span class='ocrx_word' id='word_1_219' title='bbox 1027 2866 1104 2948; x_wconf 79' lang='grc' dir='ltr'><strong><em>τῷβ</em></strong></span> <span class='ocrx_word' id='word_1_220' title='bbox 1125 2865 1273 2952; x_wconf 78' lang='grc' dir='ltr'><strong><em>προσόττρο</em></strong></span> 
     </span>
     <span class='ocr_line' id='line_1_27' title="bbox 261 2945 1272 3035; baseline 0.001 -22"><span class='ocrx_word' id='word_1_221' title='bbox 261 2960 314 3013; x_wconf 78' lang='grc' dir='ltr'><strong><em>τοῦ</em></strong></span> <span class='ocrx_word' id='word_1_222' title='bbox 337 2952 455 3033; x_wconf 80' lang='grc' dir='ltr'><strong><em>πρῶτον</em></strong></span> <span class='ocrx_word' id='word_1_223' title='bbox 478 2945 557 3035; x_wconf 85' lang='lat' dir='ltr'><strong>(scil.</strong></span> <span class='ocrx_word' id='word_1_224' title='bbox 581 2949 650 3031; x_wconf 80' lang='grc' dir='ltr'><strong><em>μετὰ</em></strong></span> <span class='ocrx_word' id='word_1_225' title='bbox 672 2945 774 3035; x_wconf 77' lang='grc' dir='ltr'><strong><em>τοῦτο)</em></strong></span> <span class='ocrx_word' id='word_1_226' title='bbox 797 2951 922 3031; x_wconf 82' lang='grc' dir='ltr'><strong><em>φύλλου,</em></strong></span> <span class='ocrx_word' id='word_1_227' title='bbox 945 2956 1011 3013; x_wconf 81' lang='lat' dir='ltr'><strong>erat</strong></span> <span class='ocrx_word' id='word_1_228' title='bbox 1032 2953 1109 3014; x_wconf 91' lang='lat' dir='ltr'><strong>enim</strong></span> <span class='ocrx_word' id='word_1_229' title='bbox 1125 2955 1224 3033; x_wconf 86' lang='lat' dir='ltr'><strong>potius</strong></span> <span class='ocrx_word' id='word_1_230' title='bbox 1243 2954 1272 3015; x_wconf 87' lang='lat' dir='ltr'><strong>ei</strong></span> 
     </span>
     <span class='ocr_line' id='line_1_28' title="bbox 260 3037 1271 3126; baseline 0.002 -25"><span class='ocrx_word' id='word_1_231' title='bbox 260 3040 449 3101; x_wconf 87' lang='lat' dir='ltr'><strong>scribendum</strong></span> <span class='ocrx_word' id='word_1_232' title='bbox 471 3038 504 3101; x_wconf 79' lang='grc' dir='ltr'><strong><em>ἕν</em></strong></span> <span class='ocrx_word' id='word_1_233' title='bbox 526 3044 612 3126; x_wconf 69' lang='lat' dir='ltr'><strong>epid</strong></span> <span class='ocrx_word' id='word_1_234' title='bbox 633 3047 686 3101; x_wconf 85' lang='grc' dir='ltr'><strong><em>τοῶ</em></strong></span> <span class='ocrx_word' id='word_1_235' title='bbox 708 3037 854 3122; x_wconf 76' lang='grc' dir='ltr'><strong><em>δευτέρου.</em></strong></span> <span class='ocrx_word' id='word_1_236' title='bbox 893 3042 974 3119; x_wconf 88' lang='lat' dir='ltr'><strong>quod</strong></span> <span class='ocrx_word' id='word_1_237' title='bbox 995 3041 1088 3104; x_wconf 80' lang='lat' dir='ltr'><strong>altero</strong></span> <span class='ocrx_word' id='word_1_238' title='bbox 1106 3043 1170 3105; x_wconf 89' lang='lat' dir='ltr'><strong>loco</strong></span> <span class='ocrx_word' id='word_1_239' title='bbox 1193 3062 1271 3105; x_wconf 89' lang='lat' dir='ltr'><strong>com·</strong></span> 
     </span>
     <span class='ocr_line' id='line_1_29' title="bbox 261 3125 1272 3210; baseline 0.004 -22"><span class='ocrx_word' id='word_1_240' title='bbox 261 3131 444 3190; x_wconf 79' lang='lat' dir='ltr'><strong>memoretur</strong></span> <span class='ocrx_word' id='word_1_241' title='bbox 461 3128 577 3207; x_wconf 85' lang='grc' dir='ltr'><strong><em>φόλλον</em></strong></span> <span class='ocrx_word' id='word_1_242' title='bbox 604 3125 726 3189; x_wconf 80' lang='grc' dir='ltr'><strong><em>δέκατον</em></strong></span> <span class='ocrx_word' id='word_1_243' title='bbox 752 3132 798 3189; x_wconf 87' lang='lat' dir='ltr'><strong>est</strong></span> <span class='ocrx_word' id='word_1_244' title='bbox 824 3130 946 3208; x_wconf 61' lang='lat' dir='ltr'><strong>filrof,</strong></span> <span class='ocrx_word' id='word_1_245' title='bbox 968 3130 1020 3190; x_wconf 91' lang='lat' dir='ltr'><strong>ubi</strong></span> <span class='ocrx_word' id='word_1_246' title='bbox 1042 3131 1078 3190; x_wconf 88' lang='lat' dir='ltr'><strong>de</strong></span> <span class='ocrx_word' id='word_1_247' title='bbox 1100 3131 1272 3210; x_wconf 83' lang='lat' dir='ltr'><strong>Septembre</strong></span> 
     </span>
     <span class='ocr_line' id='line_1_30' title="bbox 259 3209 1270 3298; baseline 0.003 -21"><span class='ocrx_word' id='word_1_248' title='bbox 259 3235 362 3277; x_wconf 89' lang='lat' dir='ltr'><strong>mense</strong></span> <span class='ocrx_word' id='word_1_249' title='bbox 383 3217 485 3295; x_wconf 81' lang='lat' dir='ltr'><strong>egitur</strong></span> <span class='ocrx_word' id='word_1_250' title='bbox 508 3212 567 3294; x_wconf 87' lang='lat' dir='ltr'><strong>(ed</strong></span> <span class='ocrx_word' id='word_1_251' title='bbox 589 3235 618 3292; x_wconf 90' lang='lat' dir='ltr'><strong>p.</strong></span> <span class='ocrx_word' id='word_1_252' title='bbox 639 3209 789 3298; x_wconf 62' lang='lat' dir='ltr'><strong>iccio),</strong></span> <span class='ocrx_word' id='word_1_253' title='bbox 812 3215 848 3277; x_wconf 89' lang='lat' dir='ltr'><strong>de</strong></span> <span class='ocrx_word' id='word_1_254' title='bbox 870 3217 1032 3279; x_wconf 79' lang='lat' dir='ltr'><strong>indictione</strong></span> <span class='ocrx_word' id='word_1_255' title='bbox 1053 3221 1153 3279; x_wconf 81' lang='lat' dir='ltr'><strong>nutem</strong></span> <span class='ocrx_word' id='word_1_256' title='bbox 1174 3238 1270 3280; x_wconf 85' lang='lat' dir='ltr'><strong>sermo</strong></span> 
     </span>
     <span class='ocr_line' id='line_1_31' title="bbox 260 3303 1270 3382; baseline 0.004 -18"><span class='ocrx_word' id='word_1_257' title='bbox 260 3324 321 3365; x_wconf 87' lang='lat' dir='ltr'><strong>non</strong></span> <span class='ocrx_word' id='word_1_258' title='bbox 344 3308 397 3366; x_wconf 77' lang='lat' dir='ltr'><strong>est</strong></span> <span class='ocrx_word' id='word_1_259' title='bbox 443 3323 521 3382; x_wconf 81' lang='lat' dir='ltr'><strong>quae</strong></span> <span class='ocrx_word' id='word_1_260' title='bbox 544 3303 644 3365; x_wconf 82' lang='lat' dir='ltr'><strong>omniu</strong></span> <span class='ocrx_word' id='word_1_261' title='bbox 667 3304 802 3382; x_wconf 80' lang='lat' dir='ltr'><strong>exposui,</strong></span> <span class='ocrx_word' id='word_1_262' title='bbox 829 3322 867 3364; x_wconf 87' lang='lat' dir='ltr'><strong>ne</strong></span> <span class='ocrx_word' id='word_1_263' title='bbox 895 3323 994 3365; x_wconf 87' lang='lat' dir='ltr'><strong>errore</strong></span> <span class='ocrx_word' id='word_1_264' title='bbox 1015 3306 1067 3366; x_wconf 82' lang='lat' dir='ltr'><strong>illo</strong></span> <span class='ocrx_word' id='word_1_265' title='bbox 1089 3307 1204 3367; x_wconf 72' lang='lat' dir='ltr'><strong>librarii</strong></span> <span class='ocrx_word' id='word_1_266' title='bbox 1225 3308 1270 3368; x_wconf 91' lang='lat' dir='ltr'><strong>in·</strong></span> 
     </span>
     <span class='ocr_line' id='line_1_32' title="bbox 259 3391 1270 3471; baseline 0.006 -20"><span class='ocrx_word' id='word_1_267' title='bbox 259 3393 378 3454; x_wconf 73' lang='lat' dir='ltr'><strong>ducens</strong></span> <span class='ocrx_word' id='word_1_268' title='bbox 394 3394 428 3454; x_wconf 90' lang='lat' dir='ltr'><strong>in</strong></span> <span class='ocrx_word' id='word_1_269' title='bbox 445 3393 625 3471; x_wconf 82' lang='lat' dir='ltr'><strong>opinionem,</strong></span> <span class='ocrx_word' id='word_1_270' title='bbox 647 3393 778 3453; x_wconf 82' lang='lat' dir='ltr'><strong>codicem</strong></span> <span class='ocrx_word' id='word_1_271' title='bbox 792 3391 822 3467; x_wconf 86' lang='lat' dir='ltr'><strong>S,</strong></span> <span class='ocrx_word' id='word_1_272' title='bbox 840 3394 984 3470; x_wconf 79' lang='lat' dir='ltr'><strong>quonium</strong></span> <span class='ocrx_word' id='word_1_273' title='bbox 1000 3395 1138 3456; x_wconf 89' lang='lat' dir='ltr'><strong>foliorum</strong></span> <span class='ocrx_word' id='word_1_274' title='bbox 1155 3395 1270 3456; x_wconf 89' lang='lat' dir='ltr'><strong>numeri</strong></span> 
     </span>
     <span class='ocr_line' id='line_1_33' title="bbox 260 3480 1270 3563; baseline 0.003 -21"><span class='ocrx_word' id='word_1_275' title='bbox 260 3481 298 3542; x_wconf 81' lang='lat' dir='ltr'><strong>eb</strong></span> <span class='ocrx_word' id='word_1_276' title='bbox 323 3485 442 3543; x_wconf 74' lang='lat' dir='ltr'><strong>anctore</strong></span> <span class='ocrx_word' id='word_1_277' title='bbox 465 3480 579 3559; x_wconf 78' lang='lat' dir='ltr'><strong>prolati</strong></span> <span class='ocrx_word' id='word_1_278' title='bbox 600 3500 660 3542; x_wconf 90' lang='lat' dir='ltr'><strong>non</strong></span> <span class='ocrx_word' id='word_1_279' title='bbox 682 3481 864 3542; x_wconf 88' lang='lat' dir='ltr'><strong>conveniunt</strong></span> <span class='ocrx_word' id='word_1_280' title='bbox 886 3500 955 3542; x_wconf 89' lang='lat' dir='ltr'><strong>cum</strong></span> <span class='ocrx_word' id='word_1_281' title='bbox 974 3482 1020 3558; x_wconf 79' lang='lat' dir='ltr'><strong>iis,</strong></span> <span class='ocrx_word' id='word_1_282' title='bbox 1042 3483 1092 3560; x_wconf 92' lang='lat' dir='ltr'><strong>qui</strong></span> <span class='ocrx_word' id='word_1_283' title='bbox 1109 3484 1173 3544; x_wconf 78' lang='lat' dir='ltr'><strong>veri</strong></span> <span class='ocrx_word' id='word_1_284' title='bbox 1190 3488 1270 3563; x_wconf 79' lang='lat' dir='ltr'><strong>sunt,</strong></span> 
     </span>
     <span class='ocr_line' id='line_1_34' title="bbox 260 3569 1269 3649; baseline 0.004 -19"><span class='ocrx_word' id='word_1_285' title='bbox 260 3569 440 3648; x_wconf 85' lang='lat' dir='ltr'><strong>exscriptum</strong></span> <span class='ocrx_word' id='word_1_286' title='bbox 464 3588 528 3630; x_wconf 86' lang='lat' dir='ltr'><strong>esse</strong></span> <span class='ocrx_word' id='word_1_287' title='bbox 550 3588 611 3629; x_wconf 82' lang='lat' dir='ltr'><strong>une</strong></span> <span class='ocrx_word' id='word_1_288' title='bbox 633 3587 702 3630; x_wconf 88' lang='lat' dir='ltr'><strong>cum</strong></span> <span class='ocrx_word' id='word_1_289' title='bbox 727 3569 943 3649; x_wconf 73' lang='lat' dir='ltr'><strong>marginalibus</strong></span> <span class='ocrx_word' id='word_1_290' title='bbox 970 3571 1049 3631; x_wconf 82' lang='lat' dir='ltr'><strong>notis</strong></span> <span class='ocrx_word' id='word_1_291' title='bbox 1071 3590 1087 3631; x_wconf 91' lang='lat' dir='ltr'><strong>e</strong></span> <span class='ocrx_word' id='word_1_292' title='bbox 1108 3574 1269 3634; x_wconf 83' lang='lat' dir='ltr'><strong>vetustiore</strong></span> 
     </span>
     <span class='ocr_line' id='line_1_35' title="bbox 262 3657 1269 3740; baseline 0.006 -24"><span class='ocrx_word' id='word_1_293' title='bbox 262 3658 395 3735; x_wconf 81' lang='lat' dir='ltr'><strong>quodum</strong></span> <span class='ocrx_word' id='word_1_294' title='bbox 417 3657 593 3735; x_wconf 77' lang='lat' dir='ltr'><strong>exemplari,</strong></span> <span class='ocrx_word' id='word_1_295' title='bbox 618 3657 698 3717; x_wconf 85' lang='lat' dir='ltr'><strong>inter</strong></span> <span class='ocrx_word' id='word_1_296' title='bbox 719 3657 820 3734; x_wconf 86' lang='lat' dir='ltr'><strong>ipsum</strong></span> <span class='ocrx_word' id='word_1_297' title='bbox 846 3661 877 3718; x_wconf 86' lang='lat' dir='ltr'><strong>et</strong></span> <span class='ocrx_word' id='word_1_298' title='bbox 898 3657 977 3735; x_wconf 85' lang='lat' dir='ltr'><strong>Lydi</strong></span> <span class='ocrx_word' id='word_1_299' title='bbox 1004 3660 1115 3720; x_wconf 87' lang='lat' dir='ltr'><strong>codices</strong></span> <span class='ocrx_word' id='word_1_300' title='bbox 1137 3661 1269 3740; x_wconf 84' lang='lat' dir='ltr'><strong>integros</strong></span> 
     </span>
     <span class='ocr_line' id='line_1_36' title="bbox 258 3746 1269 3823; baseline 0.003 -17"><span class='ocrx_word' id='word_1_301' title='bbox 258 3746 471 3807; x_wconf 80' lang='lat' dir='ltr'><strong>intercedente.</strong></span> <span class='ocrx_word' id='word_1_302' title='bbox 517 3765 613 3823; x_wconf 89' lang='lat' dir='ltr'><strong>neque</strong></span> <span class='ocrx_word' id='word_1_303' title='bbox 637 3749 739 3806; x_wconf 83' lang='lat' dir='ltr'><strong>temen</strong></span> <span class='ocrx_word' id='word_1_304' title='bbox 764 3746 859 3806; x_wconf 76' lang='lat' dir='ltr'><strong>telem</strong></span> <span class='ocrx_word' id='word_1_305' title='bbox 886 3746 1018 3823; x_wconf 78' lang='lat' dir='ltr'><strong>aliquem</strong></span> <span class='ocrx_word' id='word_1_306' title='bbox 1041 3748 1168 3810; x_wconf 87' lang='lat' dir='ltr'><strong>codicem</strong></span> <span class='ocrx_word' id='word_1_307' title='bbox 1189 3749 1269 3809; x_wconf 86' lang='lat' dir='ltr'><strong>inter</strong></span> 
     </span>
     <span class='ocr_line' id='line_1_37' title="bbox 258 3833 1268 3915; baseline 0.005 -22"><span class='ocrx_word' id='word_1_308' title='bbox 258 3834 457 3895; x_wconf 78' lang='lat' dir='ltr'><strong>Laurentium</strong></span> <span class='ocrx_word' id='word_1_309' title='bbox 474 3837 506 3895; x_wconf 88' lang='lat' dir='ltr'><strong>et</strong></span> <span class='ocrx_word' id='word_1_310' title='bbox 524 3833 738 3896; x_wconf 81' lang='lat' dir='ltr'><strong>Scorinlensem</strong></span> <span class='ocrx_word' id='word_1_311' title='bbox 755 3835 888 3894; x_wconf 88' lang='lat' dir='ltr'><strong>medium</strong></span> <span class='ocrx_word' id='word_1_312' title='bbox 904 3835 999 3896; x_wconf 84' lang='lat' dir='ltr'><strong>fuisse</strong></span> <span class='ocrx_word' id='word_1_313' title='bbox 1016 3839 1175 3915; x_wconf 75' lang='lat' dir='ltr'><strong>negaturus</strong></span> <span class='ocrx_word' id='word_1_314' title='bbox 1189 3855 1268 3914; x_wconf 70' lang='grc' dir='ltr'><strong><em>τινας</em></strong></span> 
     </span>
     <span class='ocr_line' id='line_1_38' title="bbox 259 3923 1267 4001; baseline 0.004 -18"><span class='ocrx_word' id='word_1_315' title='bbox 259 3941 366 3984; x_wconf 83' lang='lat' dir='ltr'><strong>moneo</strong></span> <span class='ocrx_word' id='word_1_316' title='bbox 384 3925 505 3984; x_wconf 82' lang='lat' dir='ltr'><strong>tontum</strong></span> <span class='ocrx_word' id='word_1_317' title='bbox 523 3923 720 3985; x_wconf 78' lang='lat' dir='ltr'><strong>demonstrari</strong></span> <span class='ocrx_word' id='word_1_318' title='bbox 741 3924 774 3984; x_wconf 92' lang='lat' dir='ltr'><strong>id</strong></span> <span class='ocrx_word' id='word_1_319' title='bbox 791 3943 851 3984; x_wconf 89' lang='lat' dir='ltr'><strong>non</strong></span> <span class='ocrx_word' id='word_1_320' title='bbox 868 3941 956 4001; x_wconf 87' lang='lat' dir='ltr'><strong>posse</strong></span> <span class='ocrx_word' id='word_1_321' title='bbox 969 3924 1022 3985; x_wconf 87' lang='grc' dir='ltr'>111ο</span> <span class='ocrx_word' id='word_1_322' title='bbox 1034 3925 1147 3985; x_wconf 80' lang='lat' dir='ltr'><strong>librarii</strong></span> <span class='ocrx_word' id='word_1_323' title='bbox 1161 3945 1267 3987; x_wconf 86' lang='lat' dir='ltr'><strong>errore.</strong></span> 
     </span>
    </p>
   </div>
   <div class='ocr_carea' id='block_1_4' title="bbox 0 0 1542 4598">
    <p class='ocr_par' dir='ltr' id='par_1_4' title="bbox 0 0 1542 4598">
     <span class='ocr_line' id='line_1_39' title="bbox 0 0 1542 4598; baseline 0 4"><span class='ocrx_word' id='word_1_324' title='bbox 0 0 1542 4598; x_wconf 95' lang='lat' dir='ltr'><strong> </strong></span> 
     </span>
    </p>
   </div>
  </div>
 </body>
</html>
