<?xml version="1.0" encoding="UTF-8"?>
<!DOCTYPE html PUBLIC "-//W3C//DTD XHTML 1.0 Transitional//EN"
    "http://www.w3.org/TR/xhtml1/DTD/xhtml1-transitional.dtd">
<html xmlns="http://www.w3.org/1999/xhtml" xml:lang="en" lang="en">
 <head>
  <title>
</title>
<meta http-equiv="Content-Type" content="text/html;charset=utf-8" />
  <meta name='ocr-system' content='tesseract 3.04.00' />
  <meta name='ocr-capabilities' content='ocr_page ocr_carea ocr_par ocr_line ocrx_word'/>
</head>
<body>
  <div class='ocr_page' id='page_1' title='image "./ioannislaurenti00wuengoog_0142.png"; bbox 0 0 3074 4598; ppageno 0'>
   <div class='ocr_carea' id='block_1_1' title="bbox 621 504 1259 608">
    <p class='ocr_par' dir='ltr' id='par_1_1' title="bbox 621 504 1259 608">
     <span class='ocr_line' id='line_1_1' title="bbox 621 504 1259 608; baseline 0.013 -8"><span class='ocrx_word' id='word_1_1' title='bbox 621 504 731 601; x_wconf 71' lang='lat' dir='ltr'><strong><em>mss</em></strong></span> <span class='ocrx_word' id='word_1_2' title='bbox 747 533 902 602; x_wconf 76' lang='grc' dir='ltr'><strong><em>νυονωε</em></strong></span> <span class='ocrx_word' id='word_1_3' title='bbox 1216 543 1259 608; x_wconf 79' lang='lat'><strong><em>37</em></strong></span> 
     </span>
    </p>
   </div>
   <div class='ocr_carea' id='block_1_2' title="bbox 238 706 1341 3345">
    <p class='ocr_par' dir='ltr' id='par_1_2' title="bbox 238 706 1341 3345">
     <span class='ocr_line' id='line_1_2' title="bbox 252 706 1340 794; baseline -0.005 -17"><span class='ocrx_word' id='word_1_4' title='bbox 252 715 384 777; x_wconf 74' lang='grc' dir='ltr'><strong><em>κεῖσθαι</em></strong></span> <span class='ocrx_word' id='word_1_5' title='bbox 403 711 466 793; x_wconf 81' lang='grc' dir='ltr'><strong><em>τὴν</em></strong></span> <span class='ocrx_word' id='word_1_6' title='bbox 483 706 556 775; x_wconf 91' lang='grc' dir='ltr'><strong><em>κατ’</em></strong></span> <span class='ocrx_word' id='word_1_7' title='bbox 579 707 701 784; x_wconf 81' lang='grc' dir='ltr'><strong><em>αὐτοὺς</em></strong></span> <span class='ocrx_word' id='word_1_8' title='bbox 719 706 831 793; x_wconf 81' lang='grc' dir='ltr'><strong><em>χώραν</em></strong></span> <span class='ocrx_word' id='word_1_9' title='bbox 852 706 909 774; x_wconf 82' lang='grc' dir='ltr'><strong><em>καί</em></strong></span> <span class='ocrx_word' id='word_1_10' title='bbox 930 707 1132 793; x_wconf 82' lang='grc' dir='ltr'><strong><em>κατὰφύσιν</em></strong></span> <span class='ocrx_word' id='word_1_11' title='bbox 1153 707 1301 794; x_wconf 79' lang='grc' dir='ltr'><strong><em>ὥσπερῦ</em></strong></span> <span class='ocrx_word' id='word_1_12' title='bbox 1337 719 1340 725; x_wconf 86' lang='grc'><strong>’</strong></span> 
     </span>
     <span class='ocr_line' id='line_1_3' title="bbox 252 811 1260 903; baseline -0.004 -20"><span class='ocrx_word' id='word_1_13' title='bbox 252 815 285 895; x_wconf 81' lang='grc' dir='ltr'><strong><em>ἐξ</em></strong></span> <span class='ocrx_word' id='word_1_14' title='bbox 311 813 465 903; x_wconf 75' lang='grc' dir='ltr'><strong><em>δτερράας</em></strong></span> <span class='ocrx_word' id='word_1_15' title='bbox 491 815 597 901; x_wconf 78' lang='grc' dir='ltr'><strong><em>ἀρχὴν</em></strong></span> <span class='ocrx_word' id='word_1_16' title='bbox 622 813 685 896; x_wconf 80' lang='grc' dir='ltr'><strong><em>τὴν</em></strong></span> <span class='ocrx_word' id='word_1_17' title='bbox 716 811 794 878; x_wconf 88' lang='grc' dir='ltr'><strong><em>καθ’</em></strong></span> <span class='ocrx_word' id='word_1_18' title='bbox 817 813 903 900; x_wconf 80' lang='grc' dir='ltr'><strong><em>ἡμᾶς</em></strong></span> <span class='ocrx_word' id='word_1_19' title='bbox 934 816 1106 883; x_wconf 90' lang='grc' dir='ltr'><strong><em>θάλασσαν</em></strong></span> <span class='ocrx_word' id='word_1_20' title='bbox 1139 812 1174 879; x_wconf 79' lang='grc' dir='ltr'><strong><em>ἐκ</em></strong></span> <span class='ocrx_word' id='word_1_21' title='bbox 1200 822 1260 879; x_wconf 92' lang='grc' dir='ltr'><strong><em>τοῦ</em></strong></span> 
     </span>
     <span class='ocr_line' id='line_1_4' title="bbox 251 904 1260 1008; baseline -0.002 -20"><span class='ocrx_word' id='word_1_22' title='bbox 251 923 473 1007; x_wconf 86' lang='grc' dir='ltr'><strong><em>ύπερβορείου</em></strong></span> <span class='ocrx_word' id='word_1_23' title='bbox 505 919 688 1005; x_wconf 80' lang='grc' dir='ltr'><em>λαμβάνειν</em></span> <span class='ocrx_word' id='word_1_24' title='bbox 723 918 885 986; x_wconf 77' lang='grc' dir='ltr'><strong><em>ὠκεανοῦ·</em></strong></span> <span class='ocrx_word' id='word_1_25' title='bbox 920 924 981 988; x_wconf 92' lang='grc' dir='ltr'><strong><em>δύο</em></strong></span> <span class='ocrx_word' id='word_1_26' title='bbox 1010 924 1073 1008; x_wconf 71' lang='grc' dir='ltr'><strong><em>γάρ</em></strong></span> <span class='ocrx_word' id='word_1_27' title='bbox 1110 904 1260 1005; x_wconf 77' lang='grc' dir='ltr'><strong><em>εἰσβολάς</em></strong></span> 
     </span>
     <span class='ocr_line' id='line_1_5' title="bbox 251 1022 1259 1114; baseline -0.003 -20"><span class='ocrx_word' id='word_1_28' title='bbox 251 1023 337 1094; x_wconf 82' lang='grc' dir='ltr'><strong><em>εἶναι</em></strong></span> <span class='ocrx_word' id='word_1_29' title='bbox 350 1029 410 1104; x_wconf 80' lang='grc' dir='ltr'><strong><em>τὰς</em></strong></span> <span class='ocrx_word' id='word_1_30' title='bbox 427 1024 653 1102; x_wconf 78' lang='grc' dir='ltr'><strong><em>ἀποτελούσας</em></strong></span> <span class='ocrx_word' id='word_1_31' title='bbox 666 1023 772 1106; x_wconf 77' lang='grc' dir='ltr'><strong><em>αὐτὴν</em></strong></span> <span class='ocrx_word' id='word_1_32' title='bbox 788 1024 888 1091; x_wconf 79' lang='grc' dir='ltr'><strong><em>παντὶ</em></strong></span> <span class='ocrx_word' id='word_1_33' title='bbox 911 1029 1026 1112; x_wconf 80' lang='grc' dir='ltr'><strong><em>δῆλον·</em></strong></span> <span class='ocrx_word' id='word_1_34' title='bbox 1043 1032 1123 1114; x_wconf 91' lang='grc' dir='ltr'><strong><em>μίαν</em></strong></span> <span class='ocrx_word' id='word_1_35' title='bbox 1143 1022 1205 1113; x_wconf 69' lang='grc' dir='ltr'><strong><em>μὲν</em></strong></span> <span class='ocrx_word' id='word_1_36' title='bbox 1226 1026 1259 1105; x_wconf 78' lang='grc' dir='ltr'><strong><em>ἐξ</em></strong></span> 
     </span>
     <span class='ocr_line' id='line_1_6' title="bbox 246 1129 1300 1220; baseline -0.004 -21"><span class='ocrx_word' id='word_1_37' title='bbox 246 1134 428 1216; x_wconf 87' lang='grc' dir='ltr'><strong><em>Ἱσπανίας,</em></strong></span> <span class='ocrx_word' id='word_1_38' title='bbox 452 1132 514 1217; x_wconf 83' lang='grc' dir='ltr'><strong><em>τὴν</em></strong></span> <span class='ocrx_word' id='word_1_39' title='bbox 537 1129 574 1198; x_wconf 72' lang='grc' dir='ltr'><strong><em>δὲ</em></strong></span> <span class='ocrx_word' id='word_1_40' title='bbox 596 1130 727 1218; x_wconf 83' lang='grc' dir='ltr'><strong><em>ἕτόραν,</em></strong></span> <span class='ocrx_word' id='word_1_41' title='bbox 750 1132 794 1209; x_wconf 89' lang='grc' dir='ltr'><strong><em>ὠς</em></strong></span> <span class='ocrx_word' id='word_1_42' title='bbox 817 1137 958 1219; x_wconf 78' lang='grc' dir='ltr'><strong><em>εἴρηται,</em></strong></span> <span class='ocrx_word' id='word_1_43' title='bbox 981 1134 1016 1201; x_wconf 78' lang='grc' dir='ltr'><strong><em>ἐκ</em></strong></span> <span class='ocrx_word' id='word_1_44' title='bbox 1037 1144 1097 1203; x_wconf 92' lang='grc' dir='ltr'><strong><em>τοῦ</em></strong></span> <span class='ocrx_word' id='word_1_45' title='bbox 1119 1135 1260 1220; x_wconf 88' lang='grc' dir='ltr'><strong><em>ύπερβο-</em></strong></span> <span class='ocrx_word' id='word_1_46' title='bbox 1287 1154 1300 1195; x_wconf 79' lang='grc' dir='ltr'><strong><em>τ</em></strong></span> 
     </span>
     <span class='ocr_line' id='line_1_7' title="bbox 250 1236 1260 1328; baseline 0.001 -22"><span class='ocrx_word' id='word_1_47' title='bbox 250 1244 343 1327; x_wconf 91' lang='grc' dir='ltr'><strong><em>ρείου</em></strong></span> <span class='ocrx_word' id='word_1_48' title='bbox 361 1239 523 1324; x_wconf 83' lang='grc' dir='ltr'><strong><em>ὠκεανοῦ,</em></strong></span> <span class='ocrx_word' id='word_1_49' title='bbox 546 1239 587 1306; x_wconf 86' lang='grc' dir='ltr'><strong><em>δν</em></strong></span> <span class='ocrx_word' id='word_1_50' title='bbox 603 1236 658 1305; x_wconf 80' lang='grc' dir='ltr'><strong><em>καὶ</em></strong></span> <span class='ocrx_word' id='word_1_51' title='bbox 672 1239 823 1323; x_wconf 86' lang='grc' dir='ltr'><strong><em>Κρόνιον</em></strong></span> <span class='ocrx_word' id='word_1_52' title='bbox 837 1236 980 1322; x_wconf 78' lang='grc' dir='ltr'><strong><em>πέλαγος</em></strong></span> <span class='ocrx_word' id='word_1_53' title='bbox 998 1242 1030 1306; x_wconf 81' lang='grc' dir='ltr'><strong><em>οἱ</em></strong></span> <span class='ocrx_word' id='word_1_54' title='bbox 1048 1241 1260 1328; x_wconf 84' lang='grc' dir='ltr'><strong><em>χωρογράφοι</em></strong></span> 
     </span>
     <span class='ocr_line' id='line_1_8' title="bbox 248 1343 1259 1435; baseline 0.002 -23"><span class='ocrx_word' id='word_1_55' title='bbox 248 1352 399 1432; x_wconf 89' lang='grc' dir='ltr'><strong><em>καλοῦσι,</em></strong></span> <span class='ocrx_word' id='word_1_56' title='bbox 421 1349 512 1433; x_wconf 81' lang='grc' dir='ltr'><strong><em>παρὰ</em></strong></span> <span class='ocrx_word' id='word_1_57' title='bbox 534 1348 595 1431; x_wconf 83' lang='grc' dir='ltr'><strong><em>τὴν</em></strong></span> <span class='ocrx_word' id='word_1_58' title='bbox 613 1346 825 1429; x_wconf 78' lang='grc' dir='ltr'><strong><em>Πτολεμαίου</em></strong></span> <span class='ocrx_word' id='word_1_59' title='bbox 843 1343 957 1423; x_wconf 82' lang='grc' dir='ltr'><strong><em>δόξαν·</em></strong></span> <span class='ocrx_word' id='word_1_60' title='bbox 979 1345 1077 1424; x_wconf 83' lang='grc' dir='ltr'><strong><em>αὐτὸς</em></strong></span> <span class='ocrx_word' id='word_1_61' title='bbox 1098 1348 1162 1435; x_wconf 78' lang='grc' dir='ltr'><strong><em>γὰρ</em></strong></span> <span class='ocrx_word' id='word_1_62' title='bbox 1180 1353 1259 1433; x_wconf 92' lang='grc' dir='ltr'><strong><em>μίαν</em></strong></span> 
     </span>
     <span class='ocr_line' id='line_1_9' title="bbox 245 1446 1258 1540; baseline 0.004 -22"><span class='ocrx_word' id='word_1_63' title='bbox 245 1451 300 1519; x_wconf 80' lang='grc' dir='ltr'><strong><em>καὶ</em></strong></span> <span class='ocrx_word' id='word_1_64' title='bbox 323 1455 432 1539; x_wconf 91' lang='grc' dir='ltr'><strong><em>μόνην</em></strong></span> <span class='ocrx_word' id='word_1_65' title='bbox 454 1455 611 1540; x_wconf 78' lang='grc' dir='ltr'><strong><em>εἰσβολὴν</em></strong></span> <span class='ocrx_word' id='word_1_66' title='bbox 632 1446 719 1518; x_wconf 84' lang='grc' dir='ltr'><strong><em>εἶναι</em></strong></span> <span class='ocrx_word' id='word_1_67' title='bbox 741 1451 803 1536; x_wconf 74' lang='grc' dir='ltr'><strong><em>τὴν</em></strong></span> <span class='ocrx_word' id='word_1_68' title='bbox 825 1451 861 1517; x_wconf 84' lang='grc' dir='ltr'><strong><em>ἑκ</em></strong></span> <span class='ocrx_word' id='word_1_69' title='bbox 879 1460 939 1517; x_wconf 90' lang='grc' dir='ltr'><strong><em>τοῦ</em></strong></span> <span class='ocrx_word' id='word_1_70' title='bbox 958 1452 1093 1520; x_wconf 91' lang='grc' dir='ltr'><strong><em>δυτικοῦ</em></strong></span> <span class='ocrx_word' id='word_1_71' title='bbox 1111 1455 1258 1522; x_wconf 82' lang='grc' dir='ltr'><strong><em>ὠκεανοῦ</em></strong></span> 
     </span>
     <span class='ocr_line' id='line_1_10' title="bbox 245 1555 1258 1649; baseline -0.001 -21"><span class='ocrx_word' id='word_1_72' title='bbox 245 1563 401 1647; x_wconf 91' lang='grc' dir='ltr'><strong><em>βούλεται</em></strong></span> <span class='ocrx_word' id='word_1_73' title='bbox 423 1564 486 1649; x_wconf 79' lang='grc' dir='ltr'><strong><em>τὴν</em></strong></span> <span class='ocrx_word' id='word_1_74' title='bbox 509 1562 566 1628; x_wconf 89' lang='grc' dir='ltr'><strong><em>διδι</em></strong></span> <span class='ocrx_word' id='word_1_75' title='bbox 585 1560 766 1646; x_wconf 90' lang='grc' dir='ltr'><strong><em>Γαδείρων.</em></strong></span> <span class='ocrx_word' id='word_1_76' title='bbox 801 1557 857 1625; x_wconf 86' lang='grc' dir='ltr'><strong><em>καὶ</em></strong></span> <span class='ocrx_word' id='word_1_77' title='bbox 875 1557 929 1625; x_wconf 77' lang='grc' dir='ltr'><strong><em>ἐπὶ</em></strong></span> <span class='ocrx_word' id='word_1_78' title='bbox 951 1555 1012 1643; x_wconf 74' lang='grc' dir='ltr'><strong><em>μὲν</em></strong></span> <span class='ocrx_word' id='word_1_79' title='bbox 1034 1569 1090 1646; x_wconf 83' lang='grc' dir='ltr'><strong><em>τῆς</em></strong></span> <span class='ocrx_word' id='word_1_80' title='bbox 1107 1563 1258 1627; x_wconf 79' lang='grc' dir='ltr'><strong><em>καθόλου</em></strong></span> 
     </span>
     <span class='ocr_line' id='line_1_11' title="bbox 243 1666 1299 1754; baseline -0.006 -19"><span class='ocrx_word' id='word_1_81' title='bbox 243 1671 464 1754; x_wconf 79' lang='grc' dir='ltr'><strong><em>παλαιότητος</em></strong></span> <span class='ocrx_word' id='word_1_82' title='bbox 483 1669 622 1745; x_wconf 90' lang='grc' dir='ltr'><strong><em>Σκύθας</em></strong></span> <span class='ocrx_word' id='word_1_83' title='bbox 640 1668 683 1732; x_wconf 82' lang='grc' dir='ltr'><strong><em>άν</em></strong></span> <span class='ocrx_word' id='word_1_84' title='bbox 700 1690 751 1745; x_wconf 89' lang='grc' dir='ltr'><strong><em>τις</em></strong></span> <span class='ocrx_word' id='word_1_85' title='bbox 772 1667 924 1754; x_wconf 84' lang='grc' dir='ltr'><strong><em>ὑπολάβη</em></strong></span> <span class='ocrx_word' id='word_1_86' title='bbox 946 1668 1128 1754; x_wconf 86' lang='grc' dir='ltr'><strong><em>πρωτεύειν</em></strong></span> <span class='ocrx_word' id='word_1_87' title='bbox 1146 1666 1182 1734; x_wconf 79' lang='grc' dir='ltr'><strong><em>ἐκ</em></strong></span> <span class='ocrx_word' id='word_1_88' title='bbox 1199 1677 1257 1753; x_wconf 80' lang='grc' dir='ltr'><strong><em>τῆς</em></strong></span> <span class='ocrx_word' id='word_1_89' title='bbox 1273 1690 1299 1730; x_wconf 85' lang='grc' dir='ltr'><strong><em>ιο</em></strong></span> 
     </span>
     <span class='ocr_line' id='line_1_12' title="bbox 245 1771 1258 1862; baseline -0.002 -20"><span class='ocrx_word' id='word_1_90' title='bbox 245 1777 384 1862; x_wconf 80' lang='grc' dir='ltr'><strong><em>ῥευστῆς</em></strong></span> <span class='ocrx_word' id='word_1_91' title='bbox 406 1776 535 1861; x_wconf 84' lang='grc' dir='ltr'><strong><em>οὐσίας,</em></strong></span> <span class='ocrx_word' id='word_1_92' title='bbox 557 1775 600 1858; x_wconf 81' lang='grc' dir='ltr'><strong><em>ἣν</em></strong></span> <span class='ocrx_word' id='word_1_93' title='bbox 621 1784 689 1840; x_wconf 86' lang='grc' dir='ltr'><strong><em>τῶν</em></strong></span> <span class='ocrx_word' id='word_1_94' title='bbox 712 1777 885 1860; x_wconf 84' lang='grc' dir='ltr'><strong><em>στοιχείων</em></strong></span> <span class='ocrx_word' id='word_1_95' title='bbox 901 1775 1035 1861; x_wconf 81' lang='grc' dir='ltr'><strong><em>πρώτην</em></strong></span> <span class='ocrx_word' id='word_1_96' title='bbox 1052 1771 1137 1842; x_wconf 80' lang='grc' dir='ltr'><strong><em>εἶναι</em></strong></span> <span class='ocrx_word' id='word_1_97' title='bbox 1155 1775 1258 1862; x_wconf 80' lang='grc' dir='ltr'><strong><em>άναμ·</em></strong></span> 
     </span>
     <span class='ocr_line' id='line_1_13' title="bbox 244 1879 1257 1970; baseline 0.001 -23"><span class='ocrx_word' id='word_1_98' title='bbox 244 1886 459 1968; x_wconf 78' lang='grc' dir='ltr'><strong><em>φισβήτητον.</em></strong></span> <span class='ocrx_word' id='word_1_99' title='bbox 515 1883 599 1950; x_wconf 86' lang='grc' dir='ltr'><strong><em>ὅθεν</em></strong></span> <span class='ocrx_word' id='word_1_100' title='bbox 633 1879 689 1947; x_wconf 81' lang='grc' dir='ltr'><strong><em>καὶ</em></strong></span> <span class='ocrx_word' id='word_1_101' title='bbox 724 1883 861 1968; x_wconf 90' lang='grc' dir='ltr'><strong><em>Πάρθοι</em></strong></span> <span class='ocrx_word' id='word_1_102' title='bbox 896 1883 970 1967; x_wconf 75' lang='grc' dir='ltr'><strong><em>ἤτοι</em></strong></span> <span class='ocrx_word' id='word_1_103' title='bbox 1005 1882 1133 1970; x_wconf 79' lang='grc' dir='ltr'><strong><em>Πέρσαι</em></strong></span> <span class='ocrx_word' id='word_1_104' title='bbox 1174 1881 1257 1969; x_wconf 80' lang='grc' dir='ltr'><strong><em>μέγα</em></strong></span> 
     </span>
     <span class='ocr_line' id='line_1_14' title="bbox 243 1985 1257 2074; baseline 0.003 -20"><span class='ocrx_word' id='word_1_105' title='bbox 243 1998 432 2074; x_wconf 85' lang='grc' dir='ltr'><strong><em>φρονοῦσιν</em></strong></span> <span class='ocrx_word' id='word_1_106' title='bbox 463 1988 519 2056; x_wconf 78' lang='grc' dir='ltr'><strong><em>ἐπὶ</em></strong></span> <span class='ocrx_word' id='word_1_107' title='bbox 549 1990 757 2072; x_wconf 84' lang='grc' dir='ltr'><strong><em>παλαιότητι·</em></strong></span> <span class='ocrx_word' id='word_1_108' title='bbox 784 1989 927 2068; x_wconf 78' lang='grc' dir='ltr'><strong><em>Σκύθας</em></strong></span> <span class='ocrx_word' id='word_1_109' title='bbox 958 1985 994 2054; x_wconf 73' lang='grc' dir='ltr'><strong><em>δὲ</em></strong></span> <span class='ocrx_word' id='word_1_110' title='bbox 1017 1990 1139 2068; x_wconf 82' lang='grc' dir='ltr'><strong><em>αὐτούς</em></strong></span> <span class='ocrx_word' id='word_1_111' title='bbox 1170 1985 1257 2057; x_wconf 80' lang='grc' dir='ltr'><strong><em>εἶναι</em></strong></span> 
     </span>
     <span class='ocr_line' id='line_1_15' title="bbox 241 2090 1255 2180; baseline 0.003 -20"><span class='ocrx_word' id='word_1_112' title='bbox 241 2096 361 2172; x_wconf 89' lang='grc' dir='ltr'><strong><em>πάντες</em></strong></span> <span class='ocrx_word' id='word_1_113' title='bbox 393 2090 456 2180; x_wconf 71' lang='grc' dir='ltr'><strong><em>μὲν</em></strong></span> <span class='ocrx_word' id='word_1_114' title='bbox 487 2103 729 2180; x_wconf 85' lang='grc' dir='ltr'><strong><em>μαρτυροῦσιν,</em></strong></span> <span class='ocrx_word' id='word_1_115' title='bbox 756 2091 932 2180; x_wconf 85' lang='grc' dir='ltr'><strong><em>Ἀρριανὸς</em></strong></span> <span class='ocrx_word' id='word_1_116' title='bbox 963 2092 1000 2160; x_wconf 72' lang='grc' dir='ltr'><strong><em>δὲ</em></strong></span> <span class='ocrx_word' id='word_1_117' title='bbox 1026 2097 1187 2163; x_wconf 86' lang='grc' dir='ltr'><strong><em>δείκνυσι·</em></strong></span> <span class='ocrx_word' id='word_1_118' title='bbox 1217 2097 1255 2163; x_wconf 87' lang='grc' dir='ltr'><strong><em>τὸ</em></strong></span> 
     </span>
     <span class='ocr_line' id='line_1_16' title="bbox 241 2197 1295 2288; baseline -0.002 -22"><span class='ocrx_word' id='word_1_119' title='bbox 241 2202 305 2286; x_wconf 73' lang='grc' dir='ltr'><strong><em>γάρ</em></strong></span> <span class='ocrx_word' id='word_1_120' title='bbox 329 2201 472 2288; x_wconf 89' lang='grc' dir='ltr'><strong><em>Πάρθος</em></strong></span> <span class='ocrx_word' id='word_1_121' title='bbox 495 2201 600 2283; x_wconf 82' lang='grc' dir='ltr'><strong><em>ὄνομα</em></strong></span> <span class='ocrx_word' id='word_1_122' title='bbox 622 2197 640 2264; x_wconf 91' lang='grc' dir='ltr'><strong><em>ό</em></strong></span> <span class='ocrx_word' id='word_1_123' title='bbox 664 2198 805 2284; x_wconf 82' lang='grc' dir='ltr'><strong><em>Σκύθης</em></strong></span> <span class='ocrx_word' id='word_1_124' title='bbox 826 2197 882 2264; x_wconf 83' lang='grc' dir='ltr'><strong><em>καὶ</em></strong></span> <span class='ocrx_word' id='word_1_125' title='bbox 910 2202 1032 2283; x_wconf 76' lang='grc' dir='ltr'><strong><em>ἔπηλυς</em></strong></span> <span class='ocrx_word' id='word_1_126' title='bbox 1056 2200 1128 2280; x_wconf 53' lang='grc' dir='ltr'><strong><em>κατ’,</em></strong></span> <span class='ocrx_word' id='word_1_127' title='bbox 1152 2201 1254 2268; x_wconf 84' lang='grc' dir='ltr'><strong><em>αὐτὸν</em></strong></span> <span class='ocrx_word' id='word_1_128' title='bbox 1268 2223 1295 2264; x_wconf 79' lang='grc' dir='ltr'><strong><em>ιτ</em></strong></span> 
     </span>
     <span class='ocr_line' id='line_1_17' title="bbox 242 2301 1255 2395; baseline -0.001 -22"><span class='ocrx_word' id='word_1_129' title='bbox 242 2318 281 2395; x_wconf 76' lang='grc' dir='ltr'><strong><em>τῇ</em></strong></span> <span class='ocrx_word' id='word_1_130' title='bbox 301 2312 452 2373; x_wconf 79' lang='grc' dir='ltr'><strong><em>Σκυθῶν</em></strong></span> <span class='ocrx_word' id='word_1_131' title='bbox 470 2315 566 2393; x_wconf 74' lang='grc' dir='ltr'><strong><em>φωνῇ</em></strong></span> <span class='ocrx_word' id='word_1_132' title='bbox 590 2302 811 2391; x_wconf 78' lang='grc' dir='ltr'><strong><em>ἑρμηνεύεται.</em></strong></span> <span class='ocrx_word' id='word_1_133' title='bbox 857 2302 911 2370; x_wconf 81' lang='grc' dir='ltr'><strong><em>ε’πί</em></strong></span> <span class='ocrx_word' id='word_1_134' title='bbox 937 2301 975 2371; x_wconf 74' lang='grc' dir='ltr'><strong><em>δὲ</em></strong></span> <span class='ocrx_word' id='word_1_135' title='bbox 1001 2315 1057 2390; x_wconf 83' lang='grc' dir='ltr'><strong><em>τῆς</em></strong></span> <span class='ocrx_word' id='word_1_136' title='bbox 1085 2305 1255 2392; x_wconf 80' lang='grc' dir='ltr'><strong><em>ἑλληνικῆς</em></strong></span> 
     </span>
     <span class='ocr_line' id='line_1_18' title="bbox 242 2412 1255 2500; baseline -0.002 -20"><span class='ocrx_word' id='word_1_137' title='bbox 242 2415 458 2500; x_wconf 81' lang='grc' dir='ltr'><strong><em>ἀρχαιότητος</em></strong></span> <span class='ocrx_word' id='word_1_138' title='bbox 487 2413 640 2500; x_wconf 88' lang='grc' dir='ltr'><strong><em>πρώτους</em></strong></span> <span class='ocrx_word' id='word_1_139' title='bbox 670 2412 806 2478; x_wconf 86' lang='grc' dir='ltr'><strong><em>πάντων</em></strong></span> <span class='ocrx_word' id='word_1_140' title='bbox 837 2412 1029 2499; x_wconf 82' lang='grc' dir='ltr'><strong><em>ἀνθρώπων</em></strong></span> <span class='ocrx_word' id='word_1_141' title='bbox 1059 2413 1139 2499; x_wconf 85' lang='grc' dir='ltr'><strong><em>μετά</em></strong></span> <span class='ocrx_word' id='word_1_142' title='bbox 1167 2418 1255 2478; x_wconf 79' lang='grc' dir='ltr'><strong><em>Λευ·</em></strong></span> 
     </span>
     <span class='ocr_line' id='line_1_19' title="bbox 241 2516 1255 2606; baseline -0.001 -20"><span class='ocrx_word' id='word_1_143' title='bbox 241 2524 389 2586; x_wconf 89' lang='grc' dir='ltr'><strong><em>καλίωνα</em></strong></span> <span class='ocrx_word' id='word_1_144' title='bbox 402 2518 570 2603; x_wconf 86' lang='grc' dir='ltr'><strong><em>Ἕλληνας</em></strong></span> <span class='ocrx_word' id='word_1_145' title='bbox 594 2519 803 2604; x_wconf 85' lang='grc' dir='ltr'><strong><em>παραδίδωσι</em></strong></span> <span class='ocrx_word' id='word_1_146' title='bbox 829 2519 871 2584; x_wconf 88' lang='grc' dir='ltr'><strong><em>τδι</em></strong></span> <span class='ocrx_word' id='word_1_147' title='bbox 897 2521 1011 2604; x_wconf 79' lang='grc' dir='ltr'><strong><em>βιβλία</em></strong></span> <span class='ocrx_word' id='word_1_148' title='bbox 1032 2516 1192 2606; x_wconf 78' lang='grc' dir='ltr'><strong><em>Ἀρκάδας</em></strong></span> <span class='ocrx_word' id='word_1_149' title='bbox 1219 2543 1255 2585; x_wconf 89' lang='grc' dir='ltr'><strong><em>τε</em></strong></span> 
     </span>
     <span class='ocr_line' id='line_1_20' title="bbox 240 2622 1253 2712; baseline -0.001 -20"><span class='ocrx_word' id='word_1_150' title='bbox 240 2624 296 2692; x_wconf 82' lang='grc' dir='ltr'><strong><em>καὶ</em></strong></span> <span class='ocrx_word' id='word_1_151' title='bbox 320 2629 548 2710; x_wconf 82' lang='grc' dir='ltr'><strong><em>Σικυωνίους,</em></strong></span> <span class='ocrx_word' id='word_1_152' title='bbox 575 2622 695 2691; x_wconf 78' lang='grc' dir='ltr'><strong><em>ὡσανεὶ</em></strong></span> <span class='ocrx_word' id='word_1_153' title='bbox 718 2623 864 2711; x_wconf 83' lang='grc' dir='ltr'><strong><em>άρηάδας</em></strong></span> <span class='ocrx_word' id='word_1_154' title='bbox 885 2623 941 2691; x_wconf 78' lang='grc' dir='ltr'><strong><em>καὶ</em></strong></span> <span class='ocrx_word' id='word_1_155' title='bbox 968 2623 1170 2712; x_wconf 81' lang='grc' dir='ltr'><strong><em>άρχετύπους</em></strong></span> <span class='ocrx_word' id='word_1_156' title='bbox 1197 2622 1253 2691; x_wconf 78' lang='grc' dir='ltr'><strong><em>καὶ</em></strong></span> 
     </span>
     <span class='ocr_line' id='line_1_21' title="bbox 239 2728 1293 2819; baseline -0.005 -21"><span class='ocrx_word' id='word_1_157' title='bbox 239 2744 473 2819; x_wconf 81' lang='grc' dir='ltr'><strong><em>πρωτογενεῖς·</em></strong></span> <span class='ocrx_word' id='word_1_158' title='bbox 497 2733 581 2799; x_wconf 84' lang='grc' dir='ltr'><strong><em>ὅθεν</em></strong></span> <span class='ocrx_word' id='word_1_159' title='bbox 601 2728 656 2798; x_wconf 78' lang='grc' dir='ltr'><strong><em>καὶ</em></strong></span> <span class='ocrx_word' id='word_1_160' title='bbox 679 2735 778 2797; x_wconf 81' lang='grc' dir='ltr'><strong><em>Πᾶνα</em></strong></span> <span class='ocrx_word' id='word_1_161' title='bbox 795 2729 953 2818; x_wconf 79' lang='grc' dir='ltr'><strong><em>Ἀρκάδες</em></strong></span> <span class='ocrx_word' id='word_1_162' title='bbox 971 2730 1136 2818; x_wconf 77' lang='grc' dir='ltr'><strong><em>ἐτίμησαν,</em></strong></span> <span class='ocrx_word' id='word_1_163' title='bbox 1158 2755 1252 2798; x_wconf 91' lang='grc' dir='ltr'><strong><em>τοντ-</em></strong></span> <span class='ocrx_word' id='word_1_164' title='bbox 1266 2753 1293 2793; x_wconf 81' lang='grc' dir='ltr'><strong><em>νο</em></strong></span> 
     </span>
     <span class='ocr_line' id='line_1_22' title="bbox 241 2834 1252 2925; baseline 0.001 -21"><span class='ocrx_word' id='word_1_165' title='bbox 241 2838 310 2905; x_wconf 80' lang='grc' dir='ltr'><strong><em>ἐστι</em></strong></span> <span class='ocrx_word' id='word_1_166' title='bbox 332 2841 410 2905; x_wconf 92' lang='grc' dir='ltr'><strong><em>τόδε</em></strong></span> <span class='ocrx_word' id='word_1_167' title='bbox 432 2841 470 2906; x_wconf 87' lang='grc' dir='ltr'><strong><em>τὸ</em></strong></span> <span class='ocrx_word' id='word_1_168' title='bbox 493 2847 571 2925; x_wconf 84' lang='grc' dir='ltr'><strong><em>πάν,</em></strong></span> <span class='ocrx_word' id='word_1_169' title='bbox 593 2834 697 2924; x_wconf 70' lang='grc' dir='ltr'><strong><em>μηδὲν</em></strong></span> <span class='ocrx_word' id='word_1_170' title='bbox 720 2841 810 2925; x_wconf 84' lang='grc' dir='ltr'><strong><em>παρά</em></strong></span> <span class='ocrx_word' id='word_1_171' title='bbox 832 2841 873 2906; x_wconf 84' lang='grc' dir='ltr'><strong><em>τὰ</em></strong></span> <span class='ocrx_word' id='word_1_172' title='bbox 896 2841 1039 2923; x_wconf 80' lang='grc' dir='ltr'><strong><em>αἰσθητὰ</em></strong></span> <span class='ocrx_word' id='word_1_173' title='bbox 1056 2835 1142 2906; x_wconf 83' lang='grc' dir='ltr'><strong><em>εἶναι</em></strong></span> <span class='ocrx_word' id='word_1_174' title='bbox 1159 2843 1252 2925; x_wconf 88' lang='grc' dir='ltr'><strong><em>νομί-</em></strong></span> 
     </span>
     <span class='ocr_line' id='line_1_23' title="bbox 240 2944 1341 3033; baseline 0.001 -22"><span class='ocrx_word' id='word_1_175' title='bbox 240 2962 364 3022; x_wconf 84' lang='grc' dir='ltr'><strong><em>σαντες.</em></strong></span> <span class='ocrx_word' id='word_1_176' title='bbox 410 2947 463 3012; x_wconf 84' lang='grc' dir='ltr'><strong><em>ὅτι</em></strong></span> <span class='ocrx_word' id='word_1_177' title='bbox 494 2944 550 3011; x_wconf 87' lang='grc' dir='ltr'><strong><em>καὶ</em></strong></span> <span class='ocrx_word' id='word_1_178' title='bbox 578 2947 803 3032; x_wconf 83' lang='grc' dir='ltr'><strong><em>προσελήνους</em></strong></span> <span class='ocrx_word' id='word_1_179' title='bbox 836 2946 957 3023; x_wconf 86' lang='grc' dir='ltr'><strong><em>αὐτοὺς</em></strong></span> <span class='ocrx_word' id='word_1_180' title='bbox 986 2947 1004 3012; x_wconf 87' lang='grc' dir='ltr'>ὁ</span> <span class='ocrx_word' id='word_1_181' title='bbox 1032 2953 1140 3032; x_wconf 88' lang='grc' dir='ltr'><strong><em>μῦθος</em></strong></span> <span class='ocrx_word' id='word_1_182' title='bbox 1171 2949 1251 3033; x_wconf 75' lang='grc' dir='ltr'><strong><em>ἔχει’</em></strong></span> <span class='ocrx_word' id='word_1_183' title='bbox 1338 2949 1341 2954; x_wconf 74' lang='grc'><strong>’</strong></span> 
     </span>
     <span class='ocr_line' id='line_1_24' title="bbox 240 3045 1251 3138; baseline 0.001 -20"><span class='ocrx_word' id='word_1_184' title='bbox 240 3052 301 3136; x_wconf 80' lang='grc' dir='ltr'><strong><em>οὐχ</em></strong></span> <span class='ocrx_word' id='word_1_185' title='bbox 325 3051 374 3117; x_wconf 81' lang='grc' dir='ltr'><strong><em>ὅτι</em></strong></span> <span class='ocrx_word' id='word_1_186' title='bbox 396 3052 463 3138; x_wconf 92' lang='grc' dir='ltr'><strong><em>πρὸ</em></strong></span> <span class='ocrx_word' id='word_1_187' title='bbox 482 3060 541 3136; x_wconf 77' lang='grc' dir='ltr'><strong><em>της</em></strong></span> <span class='ocrx_word' id='word_1_188' title='bbox 563 3054 702 3136; x_wconf 81' lang='grc' dir='ltr'><strong><em>σελήνης</em></strong></span> <span class='ocrx_word' id='word_1_189' title='bbox 719 3045 922 3137; x_wconf 81' lang='grc' dir='ltr'><strong><em>ἀνθρώπους</em></strong></span> <span class='ocrx_word' id='word_1_190' title='bbox 940 3053 983 3117; x_wconf 81' lang='grc' dir='ltr'><strong><em>άν</em></strong></span> <span class='ocrx_word' id='word_1_191' title='bbox 1000 3078 1049 3131; x_wconf 88' lang='grc' dir='ltr'><strong><em>τις</em></strong></span> <span class='ocrx_word' id='word_1_192' title='bbox 1067 3055 1141 3137; x_wconf 88' lang='grc' dir='ltr'><strong><em>δοίη</em></strong></span> <span class='ocrx_word' id='word_1_193' title='bbox 1158 3051 1251 3119; x_wconf 82' lang='grc' dir='ltr'><strong><em>ποτέ·</em></strong></span> 
     </span>
     <span class='ocr_line' id='line_1_25' title="bbox 238 3156 1249 3246; baseline 0.002 -23"><span class='ocrx_word' id='word_1_194' title='bbox 238 3156 313 3223; x_wconf 75' lang='grc' dir='ltr'><strong><em>ἀλλ’</em></strong></span> <span class='ocrx_word' id='word_1_195' title='bbox 340 3158 392 3223; x_wconf 86' lang='grc' dir='ltr'><strong><em>ότι</em></strong></span> <span class='ocrx_word' id='word_1_196' title='bbox 414 3159 481 3244; x_wconf 91' lang='grc' dir='ltr'><strong><em>πρὸ</em></strong></span> <span class='ocrx_word' id='word_1_197' title='bbox 506 3157 739 3234; x_wconf 81' lang='grc' dir='ltr'><strong><em>διατυπώσεως</em></strong></span> <span class='ocrx_word' id='word_1_198' title='bbox 760 3169 828 3223; x_wconf 80' lang='grc' dir='ltr'><strong><em>τῶν</em></strong></span> <span class='ocrx_word' id='word_1_199' title='bbox 849 3168 965 3243; x_wconf 79' lang='grc' dir='ltr'><strong><em>μηνῶν</em></strong></span> <span class='ocrx_word' id='word_1_200' title='bbox 986 3157 1145 3246; x_wconf 88' lang='grc' dir='ltr'><strong><em>Ἀρκάδας</em></strong></span> <span class='ocrx_word' id='word_1_201' title='bbox 1166 3158 1249 3244; x_wconf 81' lang='grc' dir='ltr'><strong><em>φησὶ</em></strong></span> 
     </span>
     <span class='ocr_line' id='line_1_26' title="bbox 238 3261 1289 3345; baseline -0.003 -16"><span class='ocrx_word' id='word_1_202' title='bbox 238 3261 294 3329; x_wconf 81' lang='grc' dir='ltr'><strong><em>καὶ</em></strong></span> <span class='ocrx_word' id='word_1_203' title='bbox 317 3267 531 3339; x_wconf 89' lang='grc' dir='ltr'><strong><em>Σικυωνίους</em></strong></span> <span class='ocrx_word' id='word_1_204' title='bbox 548 3261 715 3345; x_wconf 80' lang='grc' dir='ltr'><strong><em>γενέσθαι.</em></strong></span> <span class='ocrx_word' id='word_1_205' title='bbox 1263 3285 1289 3326; x_wconf 78' lang='grc' dir='ltr'><strong><em>νο</em></strong></span> 
     </span>
    </p>
   </div>
   <div class='ocr_carea' id='block_1_3' title="bbox 236 3487 1248 3633">
    <p class='ocr_par' dir='ltr' id='par_1_3' title="bbox 236 3487 1248 3633">
     <span class='ocr_line' id='line_1_27' title="bbox 307 3487 1248 3563; baseline 0.005 -19"><span class='ocrx_word' id='word_1_206' title='bbox 307 3509 333 3546; x_wconf 83' lang='lat' dir='ltr'><strong><em>v.</em></strong></span> <span class='ocrx_word' id='word_1_207' title='bbox 349 3495 364 3544; x_wconf 77' lang='grc' dir='ltr'><strong><em>λ</em></strong></span> <span class='ocrx_word' id='word_1_208' title='bbox 382 3488 502 3544; x_wconf 75' lang='lat' dir='ltr'>Ptolem.</span> <span class='ocrx_word' id='word_1_209' title='bbox 522 3504 616 3560; x_wconf 78' lang='lat' dir='ltr'>geogr.</span> <span class='ocrx_word' id='word_1_210' title='bbox 630 3487 691 3559; x_wconf 83' lang='lat' dir='ltr'><strong><em>VH,</em></strong></span> <span class='ocrx_word' id='word_1_211' title='bbox 710 3494 767 3559; x_wconf 79' lang='grc' dir='ltr'><strong><em>ό,3</em></strong></span> <span class='ocrx_word' id='word_1_212' title='bbox 845 3497 879 3546; x_wconf 87' lang='grc'><strong><em>14</em></strong></span> <span class='ocrx_word' id='word_1_213' title='bbox 897 3489 1010 3545; x_wconf 75' lang='lat' dir='ltr'><strong>An&#39;isni</strong></span> <span class='ocrx_word' id='word_1_214' title='bbox 1027 3490 1214 3563; x_wconf 75' lang='lat' dir='ltr'><strong>fragmentum</strong></span> <span class='ocrx_word' id='word_1_215' title='bbox 1232 3509 1248 3549; x_wconf 81' lang='lat' dir='ltr'>e</span> 
     </span>
     <span class='ocr_line' id='line_1_28' title="bbox 236 3560 832 3633; baseline 0.002 -17"><span class='ocrx_word' id='word_1_216' title='bbox 236 3561 327 3633; x_wconf 86' lang='lat' dir='ltr'>primo</span> <span class='ocrx_word' id='word_1_217' title='bbox 345 3560 419 3616; x_wconf 88' lang='lat' dir='ltr'><strong>libro</strong></span> <span class='ocrx_word' id='word_1_218' title='bbox 438 3563 596 3630; x_wconf 79' lang='grc' dir='ltr'><strong><em>Παρθικῶν</em></strong></span> <span class='ocrx_word' id='word_1_219' title='bbox 614 3560 832 3630; x_wconf 73' lang='lat' dir='ltr'>deperditorum.</span> 
     </span>
    </p>
   </div>
   <div class='ocr_carea' id='block_1_4' title="bbox 233 3770 1249 3986">
    <p class='ocr_par' dir='ltr' id='par_1_4' title="bbox 233 3770 1249 3986">
     <span class='ocr_line' id='line_1_29' title="bbox 305 3770 1246 3847; baseline 0.005 -19"><span class='ocrx_word' id='word_1_220' title='bbox 305 3793 330 3829; x_wconf 85' lang='lat' dir='ltr'><strong><em>v.</em></strong></span> <span class='ocrx_word' id='word_1_221' title='bbox 345 3780 362 3828; x_wconf 86' lang='grc'><strong>3</strong></span> <span class='ocrx_word' id='word_1_222' title='bbox 377 3777 406 3829; x_wconf 81' lang='lat' dir='ltr'><strong><em>et</em></strong></span> <span class='ocrx_word' id='word_1_223' title='bbox 420 3781 436 3830; x_wconf 87' lang='grc'>6</span> <span class='ocrx_word' id='word_1_224' title='bbox 451 3770 620 3846; x_wconf 84' lang='grc' dir='ltr'><strong><em>ύπερβορίου</em></strong></span> <span class='ocrx_word' id='word_1_225' title='bbox 633 3773 657 3828; x_wconf 85' lang='lat' dir='ltr'><em>S</em></span> <span class='ocrx_word' id='word_1_226' title='bbox 727 3779 761 3828; x_wconf 78' lang='lat'><strong><em>12</em></strong></span> <span class='ocrx_word' id='word_1_227' title='bbox 780 3772 895 3830; x_wconf 82' lang='grc' dir='ltr'><strong><em>δθεν-</em></strong></span> <span class='ocrx_word' id='word_1_228' title='bbox 906 3780 939 3829; x_wconf 86' lang='grc'><strong><em>16</em></strong></span> <span class='ocrx_word' id='word_1_229' title='bbox 958 3774 1132 3847; x_wconf 80' lang='grc' dir='ltr'><strong><em>ἑρμηνεύεται</em></strong></span> <span class='ocrx_word' id='word_1_230' title='bbox 1147 3779 1246 3834; x_wconf 72' lang='lat' dir='ltr'><strong>eadem</strong></span> 
     </span>
     <span class='ocr_line' id='line_1_30' title="bbox 233 3844 1249 3986; baseline 0.005 -85"><span class='ocrx_word' id='word_1_231' title='bbox 233 3844 371 3986; x_wconf 54' lang='grc' dir='ltr'><strong><em>ρρεωπρὶέρ</em></strong></span> <span class='ocrx_word' id='word_1_232' title='bbox 385 3845 516 3973; x_wconf 54' lang='grc' dir='ltr'><strong><em>ωεέςίωε</em></strong></span> <span class='ocrx_word' id='word_1_233' title='bbox 540 3844 645 3916; x_wconf 74' lang='lat' dir='ltr'><strong>scripta</strong></span> <span class='ocrx_word' id='word_1_234' title='bbox 668 3844 809 3902; x_wconf 73' lang='lat' dir='ltr'><strong>asteriscis</strong></span> <span class='ocrx_word' id='word_1_235' title='bbox 835 3845 956 3917; x_wconf 74' lang='lat' dir='ltr'><strong>adpictis</strong></span> <span class='ocrx_word' id='word_1_236' title='bbox 978 3846 1033 3902; x_wconf 79' lang='lat' dir='ltr'><strong><em>huo</em></strong></span> <span class='ocrx_word' id='word_1_237' title='bbox 1054 3848 1209 3905; x_wconf 70' lang='lat' dir='ltr'>referuntur</span> <span class='ocrx_word' id='word_1_238' title='bbox 1226 3849 1249 3906; x_wconf 83' lang='lat' dir='ltr'><strong><em>S</em></strong></span> 
     </span>
    </p>
   </div>
   <div class='ocr_carea' id='block_1_5' title="bbox 0 0 1542 4598">
    <p class='ocr_par' dir='ltr' id='par_1_5' title="bbox 0 0 1542 4598">
     <span class='ocr_line' id='line_1_31' title="bbox 0 0 1542 4598; baseline 0 5"><span class='ocrx_word' id='word_1_239' title='bbox 0 0 1542 4598; x_wconf 95' lang='lat' dir='ltr'><strong><em> </em></strong></span> 
     </span>
    </p>
   </div>
  </div>
 </body>
</html>
