3074 4598
649 541 758 597 ωεωι
775 540 895 598 εοεαε
1235 548 1275 614 19

267 709 411 794 βύνονσι
422 707 567 790 δυσμῶν,
581 703 700 779 νυκτὸς
710 699 781 767 οὐδ’
795 703 879 780 ὅλως
887 711 1019 792 μνήμην
1028 707 1381 792 ποιούμενοηΧΥΗΡθ

268 806 323 880 οἷα
346 809 388 876 ού
411 809 488 877 καθ’
509 811 695 876 ὑπόστασιν
716 807 801 873 ἀλλὰ
823 814 950 893 μᾶλλον
973 815 1054 879 κατὰ
1071 814 1276 898 συμβεβηκὸς

267 915 453 1004 γινομένης.
489 915 668 999 Αἰγύπτιοι
687 910 724 978 δέ
741 910 797 978 καὶ
812 912 958 1002 Ἑβραῖοι
981 920 1045 985 ἀπὸ
1063 917 1164 1005 ἀρχῆς
1184 917 1275 986 ἑσπέ-

268 1049 327 1111 ρας
347 1025 410 1108 τήν
433 1022 657 1107 έπιφοιτῶσαν
679 1025 966 1105 σνναριθμοῦντες
987 1024 1113 1113 ἡμέραν
1134 1024 1196 1105 ἕως
1218 1037 1275 1113 τῆς

267 1131 425 1213 ἐπιούσης
455 1130 557 1195 πάλιν
593 1124 745 1215 ἑσπέρας,
785 1126 847 1210 τήν
881 1133 1116 1214 προλαβοῦσαν
1156 1134 1312 1217 δηλον-Ρ

266 1240 316 1303 ότι
335 1235 442 1302 νύκτα
459 1236 538 1322 μετὰ
558 1243 617 1320 τής
638 1232 930 1318 ἐπακολουθούσης
952 1235 1073 1321 ἡμέρας
1096 1250 1274 1307 σννενοῦν-
1300 1258 1313 1298 ε

265 1367 317 1420 τες
333 1339 390 1407 καλ
407 1346 488 1429 μίαν
505 1341 693 1430 ἀμφοτέρας
711 1339 926 1425 ὀνομάζοντες
943 1340 1078 1428 ἡμέραν,
1097 1344 1272 1432 ἀρχόμενοι

265 1447 302 1516 δὲ
313 1451 479 1539 πρότερον
492 1450 556 1517 ἀπὸ
571 1459 629 1535 τής
640 1450 771 1532 νυκτός,
786 1449 842 1513 διδι
856 1449 893 1514 τὸ
907 1450 1173 1538 ἀρχεγονώτερον
1187 1449 1272 1520 εἶναι

263 1559 300 1624 τὸ
320 1559 438 1638 σκότος
455 1568 514 1625 τοῦ
533 1557 642 1644 φωτὸς
659 1553 715 1621 καὶ
736 1555 802 1642 πρὸ
824 1564 882 1641 τής
903 1558 1002 1623 τοῦδε
1025 1565 1084 1622 τοῦ
1102 1561 1224 1638 παντὸς
1237 1569 1377 1627 XYHPS

263 1667 509 1751 διακοσμήσεως
530 1666 645 1751 ἔρεβος
666 1660 721 1729 καλ
744 1663 860 1740 σκότος
881 1668 1171 1748 προύποτίθεσθαι
1193 1668 1271 1745 τοὺς
1283 1685 1311 1724 ιο

261 1775 532 1858 κοσμογρύφους,
563 1771 667 1837 νύκτα
697 1765 736 1836 δέ
765 1768 900 1835 πάντων
931 1769 1054 1858 μητέρα
1084 1770 1269 1857 ὀνομάζειν·

262 1878 346 1943 ὅθεν
371 1878 427 1943 καὶ
459 1879 492 1945 ολ
522 1875 661 1963 μυθικοὶ
692 1875 755 1942 ἀπὸ
780 1880 910 1960 Λητοῦς
936 1884 1094 1963 τεχθῆναι
1114 1877 1267 1966 Ἄρτεμιν
1280 1890 1365 1947 XYP

260 1992 397 2048 ποιοῦσι
424 1981 478 2048 καλ
499 1981 707 2066 Ἀπόλλωνα,
733 1979 790 2046 καὶ
816 1983 950 2067 πρώτην
969 1981 1139 2069 Ἀρτεμιν,
1167 1986 1268 2053 οἱονελ
1282 1997 1340 2053 ΧΥ

260 2089 436 2176 ιἰερότεμιν
465 2090 636 2171 Σελήνην,
664 2083 740 2171 μεθ’
769 2085 812 2169 ἡν
838 2087 898 2151 τὸν
915 2086 1045 2153 Ἥλιον.
1098 2095 1148 2174 εἴη
1172 2090 1202 2156 δ
1226 2091 1268 2158 διν

261 2196 360 2280 Λητὼ
379 2193 399 2278 ἡ
419 2193 492 2273 νύξ·
513 2192 569 2259 καὶ
591 2192 655 2277 γὰρ
678 2197 766 2276 λήθη
785 2189 853 2257 κατ’
874 2193 979 2277 αὐτήν
996 2191 1051 2258 καὶ
1072 2193 1176 2272 ύπνος
1201 2197 1307 2264 ἐπι-ἰτ

260 2305 397 2385 γίνεται.
416 2301 451 2368 οἴ
461 2301 574 2385 νομήν
588 2292 748 2386 θύμβροι,
763 2299 864 2376 ἔθνος
872 2295 1034 2365 Ἰταλικὸν
1046 2297 1101 2365 καὶ
1114 2301 1372 2388 ἀστρο-ΧΥΗΡΒ

330 2441 356 2477 v.
377 2427 391 2476 1
407 2425 518 2492 δυσμῶν
532 2418 611 2476 omis.
629 2418 683 2475 ΥΒ
697 2424 701 2491 Ι
716 2427 765 2489 τής
778 2419 878 2483 ννκτδς
889 2417 955 2492 μηδ’
974 2418 1042 2484 δλως
1054 2418 1153 2490 μνείαν
1170 2425 1267 2479 ποιού-

259 2512 338 2563 μενοι
348 2493 380 2548 έν
392 2499 431 2567 τῷ
445 2500 493 2562 τῆς
504 2489 609 2562 ἡμέρας
621 2490 701 2617 λύμην,
720 2491 757 2555 ὡς
769 2491 963 2547 ἀννποστύτον
976 2491 1148 2618 πρρλρματος·
1167 2494 1266 2566 αληύπ-

258 2562 401 2619 τιοιδὲΡ
448 2562 787 2631 2όναλοῦΑ,οονούΒ,
802 2558 893 2632 ολαμὴ
907 2563 942 2632 Υ,
957 2559 1004 2618 ολα
1056 2562 1114 2619 Hs
1165 2570 1181 2619 3
1209 2587 1266 2623 ινο-

345 2635 377 2689 D
408 2636 412 2706 1
442 2634 489 2688 καλ
503 2631 632 2706 Ἑβραῖοι
656 2632 734 2688 omis.
753 2633 786 2688 Χ
793 2633 876 2688 YPS
902 2636 907 2706 Ι
935 2634 1022 2705 ἀρχῆς
1044 2633 1121 2690 omis.
1140 2636 1173 2691 X
1209 2638 1268 2695 Hs

258 2713 276 2761 4
299 2725 351 2776 την
375 2704 563 2776 έπιωοιτῶσαν
586 2707 824 2774 σοναρνδμούντες
849 2704 956 2775 ἡμέραν
979 2703 1056 2761 omis.
1080 2707 1108 2760 P
1132 2710 1136 2780 Ι
1160 2707 1266 2778 ἡμέραν

258 2775 310 2840 ἕως
327 2772 416 2839 αὖθις
434 2774 550 2846 ἑσπέρας
566 2774 618 2846 τὴν
636 2773 742 2846 ἡμέραν
759 2773 913 2846 λογίζονται
931 2776 970 2845 Η,
989 2773 1095 2847 ἡμέραν
1113 2775 1164 2842 ἕως
1181 2776 1266 2844 αὖθις

258 2845 377 2915 ἑσπέρας
386 2847 418 2902 X
425 2847 459 2917 1⁷,
475 2847 531 2902 ἀπὸ
546 2845 663 2915 ἑσπέρας
676 2844 726 2911 ἕως
740 2844 857 2915 ἑσπέρας
869 2845 897 2916 S,
916 2845 994 2918 μέχρι
1006 2856 1055 2919 της
1069 2847 1198 2921 ἐπιούσης
1210 2871 1264 2907 πα-

257 2923 301 2975 λαν
315 2916 434 2987 ἑσπέρας
442 2920 471 2974 Ρ
514 2925 531 2972 ό
544 2918 596 2989 τὴν
608 2920 804 2991 προλαβοῦσαν
814 2950 849 2959 -
858 2923 874 2972 9
882 2928 931 2974 τοῦ
946 2918 1038 2988 φωτός
1051 2919 1128 2976 omis.
1139 2921 1170 2976 X
1178 2921 1243 2977 ΥΠ
1243 2923 1266 2980 S

258 2996 273 3044 6
289 2988 526 3060 έπακολονδελοης
539 2990 568 3045 Ρ
636 2996 652 3044 9
672 2991 720 3045 καλ
734 2990 768 3059 Ρ,
786 2989 879 3044 διὰτὸ
893 2990 924 3045 X
933 2989 1021 3046 YHS
1033 2993 1039 3061 1
1054 2990 1107 3058 πρδ
1120 3001 1169 3063 τῆς
1182 2995 1263 3049 τοῦδε

256 3070 306 3117 τοῦ
324 3060 431 3125 παντὸς
448 3059 652 3130 διακοσμήσεως
669 3060 732 3129 YS,
755 3059 809 3129 πρὸ
827 3068 876 3130 τῆς
893 3060 1098 3130 διακοσμήσεως
1114 3064 1195 3119 τοῦδε
1213 3073 1262 3119 τοῦ

256 3132 362 3194 παντὸς
371 3131 405 3199 Ρ,
423 3140 472 3202 τῆς
488 3132 542 3199 πρὸ
562 3133 643 3185 τούδε
660 3140 710 3186 τοῦ
728 3131 834 3193 παντὸς
851 3129 897 3200 (ὥς
916 3149 986 3201 φασι
1005 3131 1067 3186 αδδ.
1085 3132 1122 3186 Η
1150 3135 1261 3188 διακοσ-

255 3201 362 3270 μήσεως
380 3201 450 3256 XH
509 3207 542 3256 10
557 3199 656 3257 σκότον
669 3202 702 3255 Χ
708 3200 803 3268 YHS,
822 3200 915 3272 ἔρεβος
932 3202 981 3256 καὶ
999 3200 1095 3264 σκότος
1148 3202 1262 3274 Ιύποτό-

254 3275 363 3327 ἥδεσθαι
386 3272 516 3328 XYHS
591 3277 623 3326 11
646 3269 860 3341 κοσμομρύφοος
881 3273 930 3326 καλ
952 3272 984 3327 τὸ
1006 3272 1057 3342 τὴν
1079 3273 1166 3328 νύκτα
1188 3271 1261 3331 εἶναι

254 3340 359 3479 μ’*ἶῖἳῖ
369 3350 503 3468 Ἦν
523 3341 728 3467 ὅδεῖιύλωῗέ
747 3341 836 3482 δέὲῗ
852 3341 1175 3482 λλιῖῗδῗέίξῗόιῖδ
1198 3345 1260 3471 ⁶⁹ss

254 3435 409 3555 Ιέέέιηίνεται
439 3484 540 3540 desunt
560 3483 624 3539 HS
654 3485 659 3555 Ι
691 3486 827 3555 τεχθῆναι
859 3483 909 3539 τδν
943 3482 1090 3539 ἁπόλλωνα
1125 3482 1259 3557 λέγουσιν.

253 3552 370 3626 ούμβροι
412 3554 444 3611 δὲ
484 3556 512 3609 Ρ
594 3560 628 3609 18
659 3553 818 3610 ἁπόλλωνα·
853 3553 967 3625 ἄρτεμιν
999 3554 1084 3610 οἱονελ
1116 3554 1259 3627 ἀερότεμιν

252 3625 384 3696 σελήνην,
408 3625 474 3697 μεθ’
497 3624 510 3646 “
551 3626 602 3681 τόν
619 3623 699 3695 ἡλιον
716 3625 754 3695 Χ,
772 3623 919 3680 ἀπόλλωνα
937 3627 986 3680 καλ
1004 3628 1114 3696 πρώτην
1133 3628 1257 3698 ἄρτεμιν·

252 3698 294 3768 εἴη
314 3695 342 3752 δ’
356 3695 394 3752 διν
411 3698 482 3768 λητδι
531 3697 594 3763 νύξ·
612 3697 661 3751 καλ
679 3696 731 3768 ηδιρ
750 3694 824 3766 λήθη
842 3695 904 3750 κατ’
922 3696 1011 3767 αύτὴν
1028 3699 1076 3752 καλ
1094 3695 1182 3762 ύπνος
1199 3699 1258 3755 ἐπι-

251 3767 358 3841 γίνεται
377 3767 429 3839 τὴν
455 3768 539 3823 ολονελ
563 3765 706 3838 ἀερότεμιν
724 3766 841 3837 σελήνην
863 3767 892 3822 Υ
967 3774 1000 3823 14
1019 3768 1061 3837 εἴη
1080 3766 1108 3823 δ’
1125 3767 1210 3826 διν-
1224 3777 1256 3825 1⁶

251 3838 406 3910 ἐπιγίνεται
425 3839 502 3895 omis,
520 3839 552 3894 X
599 3870 602 3876 ·
622 3844 656 3894 16
675 3835 791 3910 ούμβροι
809 3837 841 3893 δὲ
855 3839 949 3909 XPS,
968 3838 1077 3912 όμβριοι
1091 3839 1123 3894 δὲ
1137 3841 1171 3896 Η
1188 3843 1192 3913 Ι
1211 3839 1256 3914 μέ·

250 3931 299 3976 νος
317 3912 352 3981 Ρ,
372 3910 457 3974 ἔθνος
470 3910 669 3983 ΧΥΗΒΙκαλ
687 3906 854 3980 ἀστρολόγον
872 3909 951 3966 omis,
970 3910 1097 3965 XYHS

946 4018 949 4023 .
1060 3999 1094 4052 ,ι
