3074 4598
657 511 861 568 PRAEFATIO
1178 519 1265 576 LXIX

321 681 402 740 Luce
426 683 527 739 autem
549 677 658 738 elarius
681 677 794 737 fact-um
820 698 883 740 esse
908 699 994 758 spero
1020 681 1077 742 hoc
1103 683 1265 746 lectionum

255 771 430 846 conspectu,
474 766 646 845 apographa
687 765 889 828 Marinianum
929 773 960 830 et
995 769 1189 849 Bigotianum
1229 793 1266 833 ex

256 876 317 918 uno
341 855 502 933 eodemque
525 852 687 929 exemplari
704 885 746 896 -
765 856 846 930 quod
863 857 971 918 Allatii
988 857 1080 919 fuisse
1099 858 1207 919 scimus
1222 893 1264 917 -.

255 946 385 1005 deducta
406 962 482 1019 esse;
506 961 598 1021 qnare
619 940 694 1000 mihi
716 959 765 1002 cos
789 961 909 1022 qnoque
926 947 1006 1008 locos
1025 947 1129 1008 afferre
1147 966 1265 1008 necesse

255 1053 315 1094 non
337 1032 469 1107 videtur,
499 1031 607 1109 quibus
630 1030 662 1089 in
688 1028 764 1090 libro
792 1031 828 1089 de
855 1033 984 1094 fratrum
1005 1036 1163 1098 Arvalium
1190 1037 1265 1096 actis

254 1124 295 1183 ad
324 1122 402 1198 Lydi
432 1122 467 1182 de
496 1120 646 1181 mensibus
675 1117 785 1178 libram
815 1126 995 1196 provocetur
1026 1145 1044 1185 a
1071 1123 1198 1186 Marinio
1226 1117 1265 1206 (I,

257 1209 429 1275 139=ed
452 1231 481 1288 p.
500 1211 552 1285 42,
568 1213 595 1272 9.
618 1209 657 1284 Π,
679 1208 858 1268 366=ed
881 1229 910 1286 p.
931 1212 981 1285 66,
997 1215 1026 1271 4.
1048 1213 1073 1289 Ι,
1097 1216 1138 1274 64
1157 1239 1199 1263 =
1219 1214 1264 1274 ed

254 1322 283 1379 p.
305 1301 431 1375 74,14.
462 1299 507 1375 Π,
531 1300 594 1359 384
613 1323 656 1347 =
675 1296 718 1356 ed
742 1317 771 1374 p.
792 1299 868 1372 163,
886 1290 935 1379 4),
963 1318 1097 1377 quosque
1124 1321 1159 1361 ex
1180 1302 1265 1362 illins

255 1389 429 1469 apographo
453 1389 641 1467 depromptos
665 1404 727 1446 esse
750 1386 882 1446 conicere
903 1405 960 1464 par
982 1392 1034 1448 est.
1074 1409 1171 1466 neque
1193 1411 1264 1452 vero

255 1499 324 1539 cum
356 1479 516 1561 contendo,
547 1499 562 1537 e
594 1475 693 1537 codice
724 1475 887 1535 Barberino
919 1477 1126 1554 apographum
1155 1479 1265 1539 Allatii

254 1569 385 1643 fluxisse,
406 1567 555 1627 Allatium
577 1567 680 1626 autem
696 1563 810 1642 Bigotii
830 1564 922 1624 fuisse
940 1567 1101 1640 auctorem,
1124 1566 1264 1643 offendor,

256 1659 338 1736 quod
370 1657 521 1735 quondam
550 1652 764 1716 Kalendarinm
796 1652 892 1714 Clodii
923 1654 1011 1714 Tusci
1044 1655 1076 1714 in
1108 1655 1206 1715 codice
1238 1655 1264 1715 B

253 1749 342 1827 longe
366 1746 455 1806 aliter
477 1745 620 1806 nuditum
643 1761 704 1804 esse
727 1746 818 1821 atque
840 1743 872 1802 in
890 1744 919 1803 A
940 1743 1141 1804 demonstrare
1160 1745 1265 1804 studui

255 1829 340 1917 (Byz.
365 1835 477 1894 Ztsehr.
495 1835 532 1911 V,
550 1825 638 1914 414).
684 1835 720 1892 nt
743 1833 821 1892 enim
842 1832 959 1910 plenior
979 1833 1005 1893 B
1029 1837 1086 1909 est,
1109 1833 1264 1912 plenioris·

256 1943 314 2000 que
340 1922 430 1981 huius
456 1923 633 1982 recensionis
660 1921 759 1998 plures
787 1924 890 1981 extant
917 1921 1029 1983 codices
1057 1914 1159 2005 (Lam.
1187 1924 1264 2001 plut.

253 2010 393 2085 XXVIH,
416 2011 467 2069 34.
496 2010 564 2070 Par.
586 2029 629 2088 gr.
655 2003 769 2091 1991),
790 2029 877 2071 nemo
900 2010 1030 2088 negabit,
1057 2011 1189 2072 accidere
1209 2032 1264 2089 pe··

253 2101 356 2174 tuisse,
378 2101 413 2158 ut
430 2098 569 2176 Bigotius
590 2098 639 2159 vel
663 2097 716 2173 qui
735 2097 796 2157 eius
814 2101 919 2159 auctor
937 2103 1021 2174 esset,
1044 2119 1112 2160 cum
1130 2101 1168 2158 ed
1186 2099 1264 2176 Lydi

253 2188 365 2248 librum
386 2186 599 2246 Kalendas-ium
621 2184 698 2244 illud
719 2185 842 2246 adderet
864 2186 1045 2264 haberetque
1067 2188 1100 2246 in
1121 2191 1264 2265 promptu

254 2277 385 2337 codicem
403 2275 533 2353 aliquem
551 2273 734 2352 ampliorem,
751 2273 907 2351 repudiato
919 2275 1082 2335 Barberino
1100 2277 1264 2352 pleniorem

252 2366 339 2425 illum
362 2366 527 2443 praefenee
549 2384 637 2441 quem
660 2362 842 2424 exscriberet.

321 2480 367 2538 De
394 2479 513 2558 Iosephi
542 2479 668 2556 denique
698 2477 734 2537 de
762 2478 849 2539 Iuliis
878 2479 1049 2558 apographo
1078 2479 1160 2540 brevi
1189 2480 1264 2540 mihi

255 2586 318 2628 esse
345 2567 459 2643 licebit3
486 2586 582 2644 pauca
610 2566 687 2626 enim
713 2566 826 2626 tradita
853 2570 924 2628 sunt
949 2568 1034 2629 nobis
1057 2568 1139 2628 iilius
1162 2569 1261 2646 verba,

253 2656 299 2715 ita
321 2658 357 2716 nt
381 2656 416 2715 de
439 2676 516 2716 nexu
543 2656 605 2716 eius
628 2658 659 2715 et
680 2655 862 2733 reliquorum
888 2655 988 2734 stirpis
1011 2658 1039 2717 X
1062 2648 1194 2718 codicum
1216 2659 1261 2718 iu·

254 2745 365 2805 dicium
387 2745 464 2805 ferre
488 2762 682 2822 nequeamnsz
709 2745 767 2804 nisi
793 2745 872 2822 quod
895 2745 960 2807 veri
984 2750 1030 2807 est
1055 2747 1158 2823 simile,
1186 2747 1263 2806 illud

255 2853 388 2912 quoqne,
419 2837 455 2894 ut
481 2835 560 2912 quod
586 2835 698 2894 Romae
725 2833 765 2894 sit
787 2837 954 2910 exaratam,
979 2835 1075 2896 redire
1104 2835 1262 2913 adipsum

254 2924 386 2984 codicem
407 2922 611 2984 Barberinum

321 3028 433 3099 Quibus
452 3030 596 3107 expeditis
614 3032 709 3089 restat
726 3033 762 3090 ut
778 3031 857 3090 inter
873 3048 905 3090 se
924 3034 1130 3108 comparentur
1148 3031 1262 3091 codices

256 3118 314 3177 AB
339 3121 369 3176 et
387 3118 421 3176 T.
463 3137 522 3194 qua
542 3118 576 3178 in
597 3138 629 3177 re
647 3117 733 3178 valde
751 3118 911 3178 dolendum
929 3122 982 3193 est,
1005 3119 1084 3197 quod
1101 3138 1176 3179 unus
1194 3124 1261 3179 tan·

253 3209 319 3264 turn
346 3209 377 3264 et
407 3206 432 3264 is
459 3205 648 3266 brevissimus
675 3209 822 3265 mactatus
849 3209 983 3266 servatus
1016 3212 1061 3267 est
1088 3226 1106 3266 a
1135 3206 1259 3284 Crypto-

253 3293 425 3368 ferratensi3
447 3312 612 3371 perpaucae
638 3293 716 3352 enim
734 3298 803 3354 sunt
820 3295 970 3370 lectiones,
993 3315 1068 3373 quae
1091 3295 1260 3356 incensum

253 3381 352 3441 vocari
376 3383 500 3459 possint,
523 3400 648 3459 quarum
671 3400 818 3460 apponam
839 3383 907 3442 has:

251 3513 406 3589 p.145,2
430 3511 522 3588 ἄλλος
544 3536 574 3575 τε
596 3510 628 3574 δὲ
650 3513 709 3573 ΑΒ
783 3510 877 3587 ἄλλως
900 3510 931 3575 δὲ
954 3515 979 3574 Τ
1000 3516 1089 3576 lectio
1112 3516 1241 3594 genuina

386 3600 534 3664 8πνέοστ
573 3605 617 3679 A,
662 3600 731 3663 πνὲ-
783 3599 911 3663 πνὲωσιν
934 3603 959 3662 Τ
980 3603 1069 3664 lectio
1092 3606 1220 3683 genuina

362 3783 402 3841 18
426 3692 544 3860 ξυῘΒΒ
781 3777 831 3840 καὶ
853 3781 878 3840 Τ
900 3780 989 3840 lectio
1012 3782 1141 3860 genuina

273 3872 401 3943 147,11
427 3869 530 3944 τοίνυν
543 3869 655 3941 τούτοις
669 3869 728 3929 AB
781 3869 895 3942 τούτοις
916 3869 1018 3930 τοίνυν
1042 3872 1067 3931 Τ
