3074 4598
617 493 900 551 ιωτοττοτιοε
1218 498 1260 565 57

249 666 391 746 κοσίοις,
419 662 505 738 Ζεύς
527 657 608 724 ἑπτά
630 653 686 721 καὶ
709 662 814 723 εἴκοσι
836 656 892 724 καὶ
915 663 1148 747 τετρακοσίοις,
1162 658 1296 747 ’ἈρηςΒ

199 815 202 821 -
249 768 405 851 τέσσαρσι
427 765 482 831 καὶ
510 763 729 844 ἐννενήκοντα
757 761 813 828 καὶ
845 765 1042 851 διακοσίοις,
1065 764 1183 844 Ἥλιος
1210 764 1260 833 ἕνλ

249 871 305 940 καὶ
333 870 490 955 ἑξήκοντα
515 866 572 934 καὶ
603 871 826 953 τετρακοσίοις
852 868 908 936 καὶ
930 877 1064 957 χιλίοις,
1082 871 1261 958 Ἀφροδίτη
1360 875 1363 880 ’

251 976 301 1046 ἑνὶ
319 976 374 1043 καὶ
391 978 596 1060 πεντήκοντα
617 970 672 1038 καὶ
695 971 813 1040 ἑκατὸν
834 974 890 1040 καὶ
912 983 1047 1065 χιλίοις,
1065 978 1184 1064 Ἑρμῆς
1207 978 1261 1061 ὀγ-
1382 1049 1386 1056 ,

249 1086 414 1167 δοήκοντα
435 1081 519 1167 πρὸς
540 1090 612 1158 τοῖς
633 1084 871 1167 τετρακοσίοις,
903 1087 1036 1171 Σελήνη
1057 1086 1155 1152 πέντε
1177 1086 1260 1171 πρὸς
1287 1105 1300 1146 5

249 1200 319 1266 τολς
341 1195 481 1273 είκοσιν,
510 1186 531 1272 ἡ
556 1184 594 1253 δὲ
616 1197 676 1254 τοῦ
702 1188 825 1265 παντὸς
852 1186 1112 1271 ἀποκατάστασις
1134 1196 1261 1276 γίνεται

249 1294 297 1362 δι’
332 1294 415 1361 ε’τῶν
449 1295 625 1382 μυριάδων
660 1292 777 1360 ἑκατὸν
813 1291 1040 1380 ἑβδομήκοντα
1073 1298 1171 1365 πέντε
1205 1297 1260 1365 καὶ

248 1406 444 1488 τρισχιλίοις
461 1405 545 1490 πρὸς
562 1413 632 1479 τοῖς
650 1403 843 1484 διακοσίοις,
865 1399 921 1467 καὶ
939 1405 1012 1469 τότε
1033 1407 1160 1486 γίνεται
1182 1407 1261 1471 σύν-

183 1497 187 1506 “
249 1511 328 1588 οδος
353 1512 489 1577 πάντων
515 1522 583 1576 τῶν
605 1507 753 1593 ἀστέρων
774 1509 856 1574 κατὰ
880 1508 942 1592 τὴν
966 1512 1164 1597 τριακοστὴν
1188 1522 1261 1597 μολ-

249 1641 314 1704 ραν
330 1627 392 1685 τοῦ
413 1621 573 1705 καρκίνον
595 1613 616 1699 ἢ
638 1616 700 1699 τὴν
720 1615 857 1700 πρώτην
878 1625 939 1681 τοῦ
962 1616 1106 1695 λέοντος·
1128 1616 1185 1683 καὶ
1207 1617 1260 1684 ἐπὶ
1273 1639 1301 1680 ιο

248 1720 311 1810 μὲν
332 1734 393 1791 τοῦ
415 1728 576 1810 καρκίνον
598 1718 720 1806 γίνοιτ’
748 1720 791 1786 ἀν
812 1726 1049 1809 κατακλυσμός,
1072 1723 1125 1790 ἐπὶ
1144 1721 1182 1790 δέ
1199 1733 1260 1792 τοῦ

249 1830 382 1908 λέοντος
401 1829 596 1918 ἐκπύρωσις,
619 1826 690 1894 ἀλλ’
714 1827 754 1894 οὐ
777 1831 940 1914 καθολικὴ
957 1833 1039 1897 κατά
1056 1833 1134 1909 τοὺς
1153 1836 1260 1898 Στωι-

247 1937 343 2021 κούς,
374 1937 490 2021 μερικὴ
520 1932 558 2002 δὲ
585 1934 729 2011 πάντως·
761 1933 901 2012 ἐκείνοις
927 1938 992 2023 γάρ
1021 1939 1111 2004 δοκεῖ
1133 1939 1170 2005 τὸ
1192 1949 1260 2006 πᾶν

248 2042 412 2126 αἰσθητὸν
441 2051 511 2119 τοῖς
538 2040 704 2117 τοιούτοις
734 2038 923 2124 ὑπάγεσθαι
954 2047 1175 2131 καταστήμασι
1204 2044 1259 2113 καὶ

249 2149 360 2213 αἰτίαν
387 2146 517 2226 ἀξιοῦσι
547 2146 680 2211 διδόναι
708 2145 855 2229 τοιάνδε,
887 2146 924 2212 τὸ
952 2144 989 2213 δέ
1014 2159 1082 2214 πᾶν
1108 2168 1191 2236 φασι
1213 2158 1298 2242 v9315

248 2255 373 2343 ἀπείρῳ
394 2255 503 2342 χρόνῳ
527 2251 548 2337 ἢ
571 2260 643 2328 ταῖς
665 2250 868 2338 έκπυρώσεσι
891 2263 959 2317 τῶν
977 2252 1014 2319 ἐν
1037 2254 1169 2344 οὐρανῷ
1191 2281 1259 2341 φω-

248 2363 380 2448 στήρων
397 2359 679 2446 ἀποξηραίνεσθαι
692 2356 713 2442 ἢ
727 2367 800 2435 ταῖς
819 2357 1030 2426 έπικλύσεσιν
1047 2373 1113 2428 τῶν
1125 2362 1259 2429 ὑδάτων

248 2471 437 2553 διαχεῖσθαι
459 2464 514 2532 καὶ
537 2467 726 2532 διαπίπτειν
746 2463 810 2530 ἀπὸ
829 2473 887 2549 τῆς
905 2464 1142 2554 έπιπλαζούσης
1158 2470 1259 2556 ὑγρό·

248 2597 345 2657 τητος
380 2570 436 2638 καὶ
472 2571 678 2639 ἀναλύεσθαι
713 2569 769 2637 καὶ
805 2574 841 2639 τὸ
875 2574 1036 2655 στεγανὸν
1070 2575 1258 2644 ἀπολλύειν.

248 2680 375 2766 ἀνάγκη
392 2689 573 2767 τοιγαροῦν
589 2680 673 2762 πρὸς
691 2675 846 2766 ἑκάτερον
865 2678 1006 2765 ἁρμόσαι
1023 2683 1084 2766 τὴν
1096 2686 1259 2769 πρόνοιαν
1272 2703 1299 2744 ιο

247 2785 303 2854 καὶ
326 2789 424 2871 δίκην
446 2794 596 2872 γεωργοῦ
618 2795 683 2851 νῦν
711 2781 774 2869 μὲν
802 2783 884 2872 πυρὶ
918 2788 980 2872 την
1008 2788 1045 2854 ἐν
1073 2791 1173 2873 βάθει
1201 2800 1259 2876 τῆς

248 2893 381 2979 φύσεως
402 2892 613 2960 ἐκκαλεῖσθαι
634 2894 833 2979 θερμότητα,
855 2902 921 2958 νῦν
943 2891 981 2960 δὲ
1002 2894 1100 2961 ὕδατι
1120 2896 1182 2982 τὴν
1203 2921 1258 2984 με-

247 2999 447 3086 μανωμένην
468 3009 525 3085 τῆς
547 3007 609 3083 γῆς
630 3000 808 3085 κατάρδειν
829 2998 998 3085 ξηρότητα

192 3117 326 3185 ῙλιῙΠᾼκ
347 3106 399 3172 17.
412 3105 493 3171 Ὅτι
502 3105 661 3189 Ἕλληνες
678 3101 740 3191 μὲν
758 3104 821 3173 ἀπὸ
839 3115 897 3189 τῆς
915 3106 1180 3194 κε’Δεκεμβρίου
1197 3111 1258 3195 τὴν
1271 3123 1298 3176 Y

248 3213 353 3297 ἀρχὴν
375 3211 550 3278 ἐποιοῦντο
573 3219 633 3276 τοῦ
656 3214 750 3288 ἔτους
772 3213 845 3297 ἤτοι
868 3212 930 3295 τὴν
952 3216 1087 3299 τροπήν,
1106 3213 1257 3301 Ῥωμαῖοι
1270 3235 1297 3276 ιε

248 3313 286 3384 δέ
303 3318 385 3402 μετά
403 3317 487 3384 ὀκτὼ
507 3316 630 3403 ἡμέρας
646 3318 728 3382 κατά
746 3317 807 3401 τὴν
828 3318 963 3404 πρώτην
981 3315 1202 3406 Ἰαυουαρίου·
1225 3322 1258 3388 οἱ

247 3420 309 3510 μὲν
335 3423 494 3508 Ἓλληνες
529 3423 591 3507 τὴν
626 3423 753 3509 τροπὴν
789 3424 894 3507 αὐτὴν
928 3435 1119 3510 τηροῦντες,
1156 3427 1189 3492 οἱ
1220 3423 1258 3494 δὲ

242 3531 396 3617 Ῥωμαῖοι
422 3530 483 3614 τὴν
509 3537 570 3595 τοῦ
597 3530 769 3614 γνύμονος
794 3531 892 3596 σκιάν
913 3532 993 3596 τότε
1020 3531 1257 3600 συστέλλεσθαι

318 3724 344 3761 τ.
360 3710 393 3760 12
413 3703 447 3760 cf.
461 3703 540 3759 Diels
557 3701 678 3775 Doxogr.
696 3721 738 3774 gr.
757 3707 829 3759 468⁸
847 3707 863 3757 8
878 3720 938 3774 sqq.

318 3884 344 3921 τ.
363 3871 397 3920 26
415 3861 599 3933 ίαννουαρίου
617 3879 700 3934 saepe
723 3863 753 3918 Y
