3074 4598
622 500 732 556 LIBER
749 501 885 559 PRIMUS
1235 511 1258 577 5

249 666 310 749 την
328 664 494 748 κρηπῖδα)
508 663 672 748 Εὔριπον,
691 659 728 726 ἐκ
744 672 805 728 τοῦ
819 669 1001 733 θαλαττίου
1015 673 1092 744 ίσως
1105 669 1259 755 Εὐρίπου
1271 681 1356 740 XYP

247 766 304 836 καὶ
326 777 385 852 τῆς
408 766 541 845 ἑπτάκις
563 767 668 832 αὐτοῦ
687 767 955 857 διαυλοδρομίας,
978 771 1089 856 ἐπειδὴ
1107 773 1258 854 κάκεῖνος

248 874 380 951 ἑπτάκις
417 885 475 958 τῆς
510 870 634 957 ἡμέρας
670 869 881 960 ἀντιστρέφει
915 879 975 962 τὴν
1009 882 1147 962 κίνησιν.
1202 878 1257 946 καί
1270 893 1321 949 YS

245 978 391 1066 πυραμὶς
414 980 454 1045 δέ
475 977 566 1044 ἐστιν
593 974 741 1066 ἐνμέσῳ
769 985 815 1066 τῷ
839 983 974 1071 σταδίῳ,
1001 985 1022 1069 ἡ
1050 980 1087 1050 δὲ
1112 982 1256 1070 πυραμίς

241 1090 374 1170 Ἡλίου,
389 1083 460 1152 ἐπεὶ
474 1085 589 1162 άσκιος
603 1083 701 1168 ἐγγύς
715 1083 733 1150 δ
748 1094 898 1163 τοιοῦτος
910 1090 1032 1173 βωμός·
1045 1092 1178 1157 πάντων
1192 1093 1256 1178 γάρ
1269 1101 1350 1161 XYS

240 1204 315 1259 τῶν
338 1190 507 1276 ούρανίων
534 1193 728 1278 ῳωσφόρων
756 1192 915 1276 σωμάτων
942 1197 1038 1261 σκιάν
1059 1197 1257 1265 άποτελούν-
1282 1223 1296 1264 ι

248 1324 317 1366 των
339 1297 439 1377 αὐτὸς
466 1301 568 1384 μόνος
596 1297 657 1379 ἔξω
684 1297 805 1382 ταύτης
832 1297 909 1364 ἐστί.
954 1298 991 1365 ἐν
1018 1298 1055 1368 δὲ
1080 1315 1149 1382 τοῖς
1175 1303 1251 1392 παρ’
1268 1315 1321 1372 YP

249 1404 387 1494 ἑκάτερα
409 1405 546 1492 τέρμασι
569 1415 630 1472 τοῦ
647 1404 802 1491 Εὐρίπου
823 1405 945 1471 τούτου
967 1407 1098 1473 άνωδεν
1119 1407 1182 1494 μὲν
1199 1421 1257 1496 τῆς

247 1513 436 1598 πυραμίδος
468 1511 521 1582 ἐπὶ
558 1522 619 1579 τοῦ
650 1510 805 1598 Εὐρίπου
837 1509 943 1598 βωμοί
974 1513 1124 1598 ἵδρυνται
1155 1527 1256 1600 τρεῖς·

247 1622 397 1706 Κρόνου,
421 1624 520 1705 Διός,
537 1619 665 1706 Ἄρεος·
687 1619 840 1685 κάτωθεν
863 1615 900 1685 δὲ
917 1619 1019 1686 πάλιν
1034 1619 1139 1706 βωμοὶ
1157 1632 1255 1707 τρεῖς,
1269 1646 1296 1687 ιο

241 1724 453 1814 Ἀφροδίτης,
470 1727 595 1813 Ἑρμοῦ
612 1723 668 1791 καὶ
686 1728 849 1811 Σελήνης·
872 1728 1023 1814 τρίποδες
1045 1728 1116 1813 δύο,
1135 1727 1290 1796 ἩλίουΡ

246 1830 302 1898 καί
328 1836 495 1918 Σελήνης,
526 1830 584 1898 καὶ
614 1833 743 1919 άγαλμα
774 1834 933 1918 γυναικὸς
957 1836 1080 1920 φιάλην
1102 1834 1256 1923 ἐπιφερο·

245 1935 347 2023 μένης
379 1938 417 2005 ἐν
448 1950 503 2026 τη-
519 1944 660 2025 κεφαλῇ·
699 1937 768 2006 ἐστὶ
801 1936 838 2006 δὲ
872 1939 893 2024 ἡ
922 1950 978 2026 γῆ,
1015 1941 1162 2028 φέρουσα
1194 1944 1256 2027 την

244 2045 429 2111 θάλασσαν.
475 2046 655 2128 σάλπιγγες
678 2040 716 2110 δὲ
738 2043 791 2110 ἐπὶ
815 2043 901 2112 τέλει
926 2058 994 2112 τῶν
1016 2048 1155 2132 ἀγώνων
1176 2052 1255 2127 τοὺς

244 2152 381 2234 νικητδς
413 2149 467 2217 ἐπὶ
497 2153 537 2216 τά
570 2149 651 2235 γέρα
682 2156 835 2237 καλοῦσι,
868 2153 995 2218 δώδεκα
1025 2152 1062 2220 δὲ
1089 2155 1254 2240 ὕσπληγες
1267 2185 1293 2227 ισ

241 2258 324 2322 κατὰ
342 2260 482 2342 μίμησιν
499 2268 567 2323 τῶν
586 2257 715 2322 δώδεκα
732 2258 873 2345 ζῳδίων·
890 2260 1075 2345 μαππάρως
1093 2259 1130 2328 δὲ
1147 2273 1357 2338 κα-Ροοᾱηις

242 2369 348 2429 λεῖται
371 2363 390 2430 δ
415 2362 452 2429 έν
475 2371 520 2452 τῷ
543 2361 631 2451 μέσῳ
661 2364 833 2449 ἱστάμενος
860 2361 996 2431 καὶτοῦ
1019 2368 1145 2453 δρόμου
1168 2372 1254 2455 ἔχων

241 2588 345 2660 incipit
363 2589 402 2658 X,
422 2587 464 2644 ὅτι
483 2589 597 2657 εύρικος
615 2588 768 2660 ὠνομάσθη
787 2590 805 2660 ἡ
824 2588 907 2660 μέσον
924 2601 973 2648 τοῦ
992 2593 1167 2666 ἱπποδρόμου
1185 2617 1252 2668 κρη·

244 2658 293 2724 πίς
311 2659 414 2730 incipit
437 2661 483 2731 ΥΙ
499 2660 625 2732 (ταύτην
642 2660 694 2731 τὴν
711 2662 856 2736 κρηπῖδα)
872 2662 968 2718 addidi

312 2749 337 2786 v.
357 2736 372 2786 1
392 2730 458 2795 ἴσως
476 2731 554 2786 omis,
574 2732 604 2785 Y
677 2737 692 2785 2
712 2733 809 2803 ἐπειδὴ
823 2766 857 2775 -
871 2740 888 2789 3
902 2732 1023 2810 κίνησιν]
1041 2735 1110 2792 οὕτω
1129 2736 1183 2808 γὰρ
1203 2735 1248 2791 ἐπ’

241 2800 351 2858 ἐκείνου
365 2805 435 2872 φασὶ
450 2800 615 2874 συμβαίνειν
626 2803 656 2857 Υ
667 2803 672 2876 Ι
688 2803 785 2874 ἐπειδὴ
796 2837 829 2846 -
840 2812 855 2859 5
866 2807 957 2877 βωμὸς
970 2806 1070 2863 desunt
1078 2808 1111 2863 X
1172 2814 1188 2863 3
1202 2808 1251 2863 καί

240 2875 436 2943 πυραμὶς-7
451 2874 554 2944 ταύτης
573 2872 629 2929 ἐστί
644 2875 746 2931 desunt
760 2876 788 2931 P
856 2884 872 2930 6
891 2876 972 2949 ἐγγύς
984 2879 1061 2934 omis.
1079 2879 1108 2934 Y
1176 2886 1192 2935 6
1208 2878 1251 2934 ὅτι

240 2953 296 3001 τῶν
321 2942 463 3014 ούρανίων
490 2942 650 3015 φωσφόρων
680 2945 813 3016 σωμάτων
835 2946 917 3004 σκιδιν
939 2948 1146 3006 ἀποτελούντων
1173 2947 1251 3020 ἥλιος

240 3013 327 3086 μόνος
345 3014 396 3081 ἔξω
414 3016 518 3087 ταύτης
536 3014 605 3071 ἐστί·
629 3015 678 3071 διὰ
695 3026 777 3072 τοῦτο
796 3018 814 3088 ἡ
832 3019 954 3089 πυραμίς
970 3018 1057 3088 ἡλίου,
1076 3020 1135 3075 ἐπεὶ
1154 3020 1250 3083 άσκιος

238 3085 321 3158 ἐγγύς
343 3085 359 3141 δ
378 3096 504 3150 τοιοῦτος
545 3084 660 3156 ωμόςδ
729 3094 744 3141 7
764 3088 858 3161 αὐτὸς]
877 3087 952 3158 ἥλιος
970 3091 1001 3144 Χ
1019 3094 1024 3161 Ι
1043 3091 1106 3145 ἐστί.
1129 3091 1250 3154 πλεύσας

237 3157 350 3212 ἐκεῖθεν
369 3159 414 3229 (==
429 3165 444 3224 ὅ
459 3161 504 3227 13)
629 3163 644 3210 ἰ’
659 3156 689 3212 ἐν
703 3156 735 3212 δὲ
749 3167 851 3221 τοίς-
861 3164 876 3213 8
887 3158 1013 3284 imeri}
1025 3163 1072 3215 καί
1090 3161 1204 3217 ίίνωθεν
1223 3161 1253 3216 Υ

237 3233 253 3282 8
273 3227 389 3284 ἄνωθεν
408 3227 458 3297 μὲν
476 3237 525 3296 τῆς
542 3225 712 3299 πυραμίδος]
731 3228 762 3283 ἐν
781 3227 831 3296 μὲν
852 3234 891 3302 τῷ
908 3228 966 3285 ἅνω
1098 3237 1113 3286 9
1133 3230 1181 3286 ἐπὶ
1199 3239 1248 3287 τοῦ

236 3296 366 3368 Εὐρίπου
394 3298 473 3352 omis.
493 3299 544 3368 ΡΙ
569 3296 698 3366 ίδρυνται
717 3298 796 3353 omis.
815 3299 844 3353 Y
936 3305 970 3354 10
989 3299 1075 3368 ἄρεως
1093 3317 1176 3372 saepe
1195 3302 1252 3427 Y}

184 3413 188 3426 ,
235 3369 367 3424 κάτωθεν
390 3367 434 3442 δὲ]
458 3369 488 3424 ἐν
512 3367 543 3423 δὲ
566 3374 604 3422 τῶ
626 3367 701 3423 κάτω
724 3369 753 3423 Ρ
778 3371 782 3439 Ι
811 3367 895 3424 πάλιν
918 3372 1004 3441 βωμοί
1025 3380 1097 3439 τρεῖς
1119 3371 1198 3427 οιωίε.

237 3447 269 3495 11
283 3437 416 3509 τρίποδες
429 3472 462 3481 -
476 3458 503 3510 p.
515 3445 563 3506 6st
582 3422 700 3493 έπετέλει
723 3438 802 3494 omis.
825 3440 855 3493 Υ
941 3446 973 3495 16
990 3441 1166 3510 Μαππάριον
1189 3452 1248 3507 τοῖς

231 3507 379 3580 Ῥωμαίοις
397 3510 474 3576 ἔδοξε
492 3513 589 3565 καλεῖν
608 3508 636 3575 ἐξ
650 3506 743 3573 αἰτίας
755 3511 893 3580 τοιαύτης.
930 3510 997 3574 ἔθος
1009 3505 1044 3582 ἦν
1057 3523 1115 3576 τοῖς
1129 3511 1248 3578 ὑπάτοις

235 3580 282 3636 ἐπὶ
296 3590 352 3637 τῶν
365 3579 496 3650 θεάτρων
510 3581 686 3651 εὐωχεῖσθαι.
719 3580 787 3650 μετὰ
801 3579 832 3636 δὲ
846 3581 877 3636 τὸ
892 3582 1054 3639 παύσασθαι
1067 3592 1115 3654 τῆς
1129 3586 1183 3639 εύω
1201 3581 1248 3648 ίας

235 3652 267 3706 τό
286 3651 316 3708 ἐν
335 3661 430 3723 χεροῖν
449 3651 606 3722 ἐκμαγεῖον,
626 3649 641 3706 δ
660 3651 708 3705 καί
727 3651 845 3721 μάππαν
863 3650 985 3722 πατρίως
1001 3658 1145 3724 καλοῖσιν,
1165 3605 1201 3720 ἐξ
1212 3652 1246 3710 οδ

234 3723 283 3777 καὶ
306 3723 446 3792 μανόύλια
469 3723 612 3792 ἔρριπτον·
643 3719 710 3790 ὅπερ
737 3721 941 3794 ὑποδεχόμενος
963 3724 978 3778 δ
999 3723 1144 3796 λεγόμενος
1173 3744 1246 3795 μαπ-

233 3792 336 3862 πάριος
353 3793 404 3851 τόν
422 3795 519 3866 ἀγῶνα
533 3793 746 3861 παρεσκεύασεν.
779 3795 813 3849 ού
827 3791 911 3850 πλέον
924 3793 1034 3866 ‹ii—p.
1045 3802 1104 3866 6,ss
1122 3796 1195 3852 κατὰ
1213 3797 1245 3852 τδ

233 3862 329 3935 λόγιον
348 3863 448 3938 Georg.
463 3865 579 3921 Cedren.
592 3863 658 3919 hist.
674 3881 761 3935 comp.
777 3865 1007 3936 p.297‚15B0nn.
