3074 4598
271 509 334 566 mv
675 504 882 562 PRAEFATIO

340 679 526 759 Subiungere
551 677 651 736 autem
672 673 719 731 his
747 671 880 748 quinque
904 673 1064 751 codicibus,
1089 677 1143 754 qui
1163 677 1285 755 integra

269 770 466 830 sanaverunt
482 764 606 826 Maximi
630 761 776 836 excerpta,
799 761 860 820 tres
879 761 954 821 alios
972 763 1071 839 liceat,
1094 767 1146 842 qui
1165 766 1283 827 delectu

268 857 349 918 inter
375 856 496 934 singula
521 852 690 930 fragmenta
717 866 736 906 a
762 847 896 908 Planude
924 850 1071 927 exscripta
1096 852 1199 916 habito
1226 856 1283 915 hoc

268 946 365 1006 solum
394 944 442 1003 vel
468 940 545 1000 illud
570 940 602 998 in
629 955 717 997 usum
745 953 831 994 suum
860 941 1077 1004 converterunt.
1127 946 1197 1002 sunt
1224 963 1279 1002 au.

269 1036 331 1094 tem
352 1033 400 1092 hi:

183 1179 265 1222 oona
337 1165 362 1223 L
385 1162 651 1223 Laurentianus
673 1158 761 1234 plut.
780 1155 905 1216 LXXIV
920 1160 959 1217 13
984 1160 1156 1221 chartaceus
1176 1181 1198 1222 s.
1212 1164 1280 1238 XV,

388 1252 440 1329 qui
462 1253 483 1311 f.
503 1252 583 1312 306ν
603 1248 767 1308 tractatum
789 1244 939 1321 quendam
962 1245 1028 1326 περὶ
1049 1249 1204 1310 καλανδῶν
1226 1273 1280 1312 νο-

385 1349 448 1401 νῶν
470 1336 520 1400 καὶ
542 1338 630 1400 εἰδῶν
652 1333 780 1407 exhibet,
803 1353 891 1410 quem
914 1333 952 1393 ad
974 1335 1097 1395 verbum
1118 1339 1278 1400 transtulit

386 1449 402 1490 ο
429 1428 584 1489 Planudea
609 1423 791 1486 recensione:
823 1422 962 1483 editionis
994 1426 1095 1484 autem
1121 1427 1218 1488 verbis
1247 1447 1278 1488 se

386 1517 521 1595 applicat
550 1534 626 1594 quac
655 1513 798 1592 leguntur
827 1509 872 1572 ὅτι
902 1509 918 1572 ὁ
949 1520 1064 1589 νουμᾶς
1095 1505 1138 1592 (p.
1157 1517 1213 1592 43,
1235 1519 1275 1576 17

386 1596 470 1686 app.)
485 1638 527 1648 -
542 1605 574 1665 οἱ
592 1598 690 1663 λοιποὶ
716 1599 822 1671 πάντες
850 1593 893 1683 (p.
913 1603 969 1676 49,
989 1592 1059 1682 20),
1087 1601 1201 1662 omissis
1225 1603 1277 1664 τὸν

386 1691 418 1754 δὲ
443 1692 648 1773 Φεβρουάριον
662 1721 705 1732 -
719 1687 840 1768 Μοίρας
864 1682 906 1771 (p.
926 1690 978 1767 48,
997 1681 1130 1771 6-18).

174 1798 264 1840 οων
330 1783 363 1842 Μ
384 1779 589 1842 Marcianus
619 1795 768 1858 graecus
797 1779 861 1839 320
889 1779 1061 1839 chartaceus
1089 1796 1112 1838 s.
1131 1778 1204 1837 nv
1229 1779 1275 1839 in·

384 1868 553 1944 scriptionis
580 1867 644 1927 loco
668 1865 742 1926 haec
767 1866 872 1927 habet:
899 1864 1080 1949 tentamini]
1102 1868 1272 1949 νιπομᾶχον.

382 1964 479 2035 κτῆμα
500 1955 704 2036 βησσαρίωνος
729 1955 936 2036 παρὸηνάλεως
957 1954 1118 2018 ἐπισκόπου
1141 1959 1272 2037 οαβίνων

381 2053 435 2107 τοῦ
463 2042 607 2119 νιποιέος.
651 2044 742 2118 τόπος
768 2039 824 2124 πβ’
849 2039 938 2129 (corr.
964 2047 997 2106 in
1023 2039 1088 2129 ξζ).
1136 2047 1275 2124 Lydiana

382 2135 552 2213 fragmenta
574 2135 654 2195 foliis
679 2137 834 2197 scr-97¹
859 2135 934 2196 haec
956 2135 1059 2196 habet:
1088 2133 1132 2196 dri
1158 2145 1275 2216 νονμᾶς

382 2255 425 2266 -
439 2220 538 2284 λοιποὶ
559 2223 665 2295 πάντες
687 2215 731 2306 (p.
750 2225 859 2299 43,17
875 2243 942 2302 app.
957 2257 999 2267 -
1014 2227 1067 2299 49,
1083 2226 1133 2300 20,
1156 2226 1273 2287 omissis

381 2313 454 2372 item
472 2333 501 2389 p.
516 2315 568 2388 48,
577 2305 714 2393 6-18);
733 2308 778 2371 ὅτι
794 2311 826 2372 οῖ
840 2310 907 2391 περὶ
921 2313 1106 2393 ζωροάστρην
1120 2305 1162 2394 (p.
1174 2306 1272 2396 21,1)

381 2433 425 2444 -
438 2397 550 2483 ἄρρητα
571 2400 645 2482 ῥητά
667 2392 712 2482 (p.
732 2402 783 2475 36,
798 2393 846 2482 5):
868 2402 941 2461 haec
964 2405 1064 2462 autem
1083 2402 1273 2463 arithmetica

380 2490 435 2549 illa
458 2493 528 2550 sunt
544 2489 614 2549 libri
632 2489 765 2565 alterius,
788 2509 864 2566 quae
884 2491 995 2568 optime
1013 2509 1080 2550 cum
1097 2491 1272 2552 Nicomachi

382 2579 562 2639 conveniunt
584 2579 735 2639 doctrinis.

174 2683 260 2726 conis
329 2669 359 2728 N
381 2667 581 2728 Vaticanus
607 2668 798 2728 Palatinus
826 2686 975 2748 graecus
1005 2672 1067 2730 209
1099 2669 1272 2729 chartaceus

382 2776 405 2816 s.
423 2756 496 2816 XIV
517 2757 672 2834 exscripsit
694 2757 715 2816 f.
736 2758 939 2817 263’-265’
961 2776 995 2816 ex
1013 2757 1097 2833 Lydo
1118 2758 1204 2818 haec:
1227 2756 1272 2818 ὅτι

380 2855 496 2924 νουμᾶς
514 2877 556 2888 -
575 2842 673 2905 λοιποὶ
701 2843 807 2918 πάντες
837 2839 889 2927 (cf.
912 2837 997 2926 LM);
1028 2844 1072 2905 ὅτι
1102 2843 1272 2926 ἰννουάριος

382 2927 426 3016 (p.
441 2936 493 3010 63,
504 2937 522 2997 3
534 2926 616 3016 app.)
632 2965 673 2976 --
689 2929 859 3012 δεπέμβριος
877 2929 985 3010 ὁμοίως
1003 2925 1046 3013 (p.
1062 2934 1135 3008 158,
1150 2926 1274 3016 6app.),

381 3025 545 3084 tractatum
567 3022 773 3083 brevissimum
796 3021 832 3081 de
853 3021 1039 3100 singulorum
1056 3022 1202 3081 mensium
1220 3043 1274 3083 no·

380 3112 521 3189 minibus,
543 3111 579 3173 dc
603 3130 661 3189 quo
685 3110 789 3170 statim
811 3112 869 3170 erit
891 3110 1059 3185 dicendum3
1083 3108 1127 3169 ὅτι
1148 3111 1272 3172 πλεονά-

381 3215 487 3274 σαντος
514 3193 557 3281 (p.
578 3202 655 3277 160,
675 3192 731 3283 16)
746 3231 788 3241 -
804 3194 974 3278 ὀνομάζεται
995 3192 1038 3281 (p.
1060 3199 1131 3274 161,
1152 3190 1199 3279 2),
1227 3199 1272 3260 ὅτι

380 3288 433 3350 τὸν
464 3294 593 3350 πλοῦτον
621 3281 663 3370 (p.
686 3290 799 3364 73,11
825 3280 909 3369 app.)
928 3320 970 3330 -
988 3283 1185 3366 ἕζημιομένον
1215 3287 1271 3367 τὴν

380 3375 484 3457 ψυχήν
507 3371 549 3459 (p.
571 3369 707 3459 7315).
751 3377 829 3435 hunc
860 3377 990 3436 codicem
1016 3376 1089 3435 Maii
1121 3371 1268 3437 ‘tertium'

380 3466 472 3526 fnisse
495 3467 661 3543 suspicatus
680 3467 746 3525 erat
763 3465 798 3524 K
817 3465 853 3525 K
872 3465 998 3525 Mueller
1019 3465 1039 3523 1.
1058 3484 1079 3524 s.
1101 3484 1130 3541 p.
1151 3468 1223 3527 150.

326 3599 392 3659 Iam
414 3618 486 3659 vero
510 3615 685 3676 quaeramus
704 3616 821 3658 necesse
845 3601 899 3672 est,
922 3598 1043 3675 quinam
1065 3617 1156 3657 nexus
1177 3598 1270 3658 inter·

260 3687 346 3748 cedat
368 3689 449 3747 inter
470 3687 593 3747 Maximi
620 3686 751 3747 codicem
773 3678 829 3766 (Υ)
853 3687 973 3763 eiusque
997 3686 1182 3766 apographc3
1210 3706 1271 3764 qua

259 3776 293 3836 in
318 3796 350 3835 re
379 3777 559 3836 monendum
586 3779 644 3852 est,
676 3774 828 3834 difficilem
860 3794 926 3835 eam
958 3794 1077 3835 causam
1105 3775 1271 3834 diiudicata

260 3883 333 3940 ease,
356 3865 498 3942 quoniam
515 3865 555 3942 id,
579 3883 637 3942 quo
655 3865 687 3923 in
708 3865 852 3924 eiusmodi
870 3864 1124 3942 disquisitionibus
1141 3866 1269 3924 maxime
