3074 4598
256 449 301 512 34
640 437 749 494 LIBER
766 439 888 496 ALTER

191 608 275 676 Χὸό
295 609 403 695 ῥήτωρ
423 607 441 674 ό
466 610 683 689 Ταραντῖνος·
701 600 783 686 φησί
802 598 840 668 δὲ
857 602 975 679 οὕτως·
1000 603 1083 669 ‘gon
1105 603 1169 688 γάρ
1191 601 1272 686 ἡγε-

255 716 329 800 μδτν
359 712 416 780 καί
444 713 556 797 άρχων
583 707 740 773 ἁπάντων
768 701 815 786 εἷς
843 708 894 776 ἀεὶ
921 710 970 775 ὢν
999 711 1094 792 θεός,
1126 710 1271 795 μόνιμος

156 830 239 886 XYS
253 821 409 903 ἀκίνητος
445 814 546 888 αὐτὸς
583 809 689 899 ἑαυτῷ
723 813 857 899 ὅμοιος.’
910 818 943 882 οἱ
975 812 1013 881 δέ
1041 812 1268 902 μαθηματικοὶ

254 928 339 1012 πρὸς
360 925 398 989 τὸ
417 918 651 1006 μυθικώτερον
670 917 825 1002 ῥέποντες
843 929 889 1010 τῷ
901 924 1024 1010 Κρόνῳ
1042 923 1104 1006 τὴν
1121 919 1271 1008 ἑβδόμην

212 1043 238 1097 Y
252 1028 381 1117 ἡμέραν
407 1031 680 1111 προσφωνοῦσιν,
703 1022 807 1090 οἱονεὶ
830 1034 876 1112 τῷ
901 1026 1001 1114 πατρὶ
1024 1040 1091 1094 τῶν
1108 1027 1269 1114 ἐμφανῶν

226 1144 354 1204 εθεῶν.
400 1131 514 1215 έπειδὴ
539 1130 605 1214 γάρ
634 1138 701 1194 τῶν
728 1130 955 1214 πλανωμένων
980 1134 1115 1202 πάντων
1140 1137 1268 1221 ὑψηλό-

253 1265 348 1326 τερος
370 1238 388 1304 δ
410 1246 471 1304 τοῦ
493 1233 570 1322 παρ’
599 1233 712 1312 αὐτοῖς
728 1237 866 1321 Κρόνου
888 1236 1016 1321 λέγεται
1039 1241 1152 1328 άστὴρ,
1175 1242 1266 1331 αὐτη·

252 1348 360 1432 δῆθεν
400 1348 463 1430 τὴν
499 1342 646 1428 ἑβδόμην
680 1338 807 1426 ἡμέραν
841 1342 1001 1410 ἀνέθεντο
1033 1346 1077 1424 ὡς
1107 1347 1266 1438 ἀνωτάτω

181 1463 239 1520 ΧΥ
252 1455 397 1520 πάντων.
452 1451 473 1535 ἡ
500 1453 619 1516 τοίνυν
647 1444 788 1532 ἑβδομὰς
821 1450 1020 1533 συνέστηκεν
1046 1451 1079 1530 ἐξ
1106 1450 1182 1531 ἑνὸς
1208 1453 1266 1520 καὶ

211 1587 239 1628 ιο
252 1560 352 1626 δυοῖν
373 1557 430 1624 καλ
452 1555 633 1641 τεττάρων,
660 1555 781 1640 ἔχουσα
807 1556 870 1623 δάο
897 1559 1019 1639 λόγους
1040 1557 1266 1643 άρμουικωτά-

210 1677 237 1732 Χ
250 1690 343 1750 τους,
371 1667 431 1730 τόν
458 1686 495 1728 τε
521 1662 718 1747 τριπλάσιον
744 1660 800 1728 καί
822 1665 882 1729 τὸν
902 1665 1151 1749 τετραπλάσιον.
1196 1666 1266 1749 ἔχει

251 1769 288 1837 δὲ
314 1768 370 1835 καὶ
398 1767 576 1854 διαιρέσεις
606 1768 751 1853 ζυγάδην
781 1769 908 1854 τρόπον
937 1770 1013 1835 τινά
1041 1770 1265 1848 συνεστώσας·

250 1879 429 1962 διαιρεῖται
451 1877 515 1961 γάρ
543 1886 677 1961 πρῶτον
703 1877 751 1952 είς
777 1877 906 1962 μονάδα
932 1874 988 1942 καὶ
1012 1874 1123 1963 ἑξάδα,
1152 1881 1266 1945 ἔπειτα

250 1985 297 2060 είς
319 1983 467 2048 πεντάδα
489 1980 546 2048 καὶ
568 1984 687 2069 δυάδα,
709 1979 765 2049 καὶ
787 1989 977 2050 τελευταῖον
999 1986 1047 2063 εἰς
1068 1986 1188 2070 τριάδα
1206 1984 1265 2052 καὶ

209 2115 235 2158 ιε
249 2090 405 2176 τετράδα·
427 2091 658 2175 μουσικωτάτη
677 2087 714 2157 δὲ
731 2089 752 2174 ἡ
771 2092 899 2158 τούτων
916 2102 984 2158 τῶν
1006 2091 1161 2178 ἀριθμῶν
1183 2092 1263 2159 άνα-

249 2199 355 2279 λογία.
393 2197 550 2264 διατείνει
574 2194 612 2265 δὲ
634 2196 735 2283 αὐτῆς
756 2198 777 2282 ἡ
796 2198 898 2284 φάσις
915 2196 970 2264 καί
989 2196 1041 2264 ἐπὶ
1059 2199 1120 2282 τὴν
1138 2199 1266 2283 δρατὴν

248 2305 380 2369 ἅπασαν
403 2302 533 2389 οὐσίαν,
559 2304 705 2390 οὐρανὸν
726 2303 782 2370 καὶ
805 2315 881 2389 γῆν·
907 2304 1025 2370 αὐτίκα
1051 2313 1135 2388 γοῦν
1162 2305 1262 2390 οὐρα-

247 2412 310 2476 νόν
328 2427 434 2493 φασιν
452 2407 534 2476 έπτδι
556 2413 733 2491 διεζῶσθαι
760 2412 910 2495 κύκλοις,
938 2406 986 2478 ὧν
1008 2411 1152 2497 ὀνόματα
1170 2411 1263 2477 τάδε·

247 2515 402 2601 ἀρκτικὸς
416 2515 631 2603 ἀνταρκτικὸς
644 2518 780 2605 θερινὸς
796 2518 980 2605 χειμερινὸς
994 2519 1182 2604 ίσημεριυὸς
1203 2522 1219 2598 ζ
1246 2559 1262 2568 -

208 2650 234 2692 ιο
248 2623 362 2700 διακὸς
383 2621 439 2688 καί
462 2622 598 2709 προσέτι
627 2623 794 2707 γαλαξίας·
817 2623 836 2690 ό
858 2625 921 2709 γάρ
945 2633 1094 2702 τοιοῦτος
1116 2623 1263 2710 ἀριθμὸς

246 2732 341 2808 θεῖός
364 2726 464 2822 ἐστιν,
509 2729 593 2796 ὅθεν
619 2732 660 2797 τὰ
686 2732 768 2795 κατὰ
795 2731 856 2813 τὴν
882 2728 1044 2816 ἡμετέραν
1069 2733 1179 2815 ηυχὴν
1203 2733 1261 2796 διὰ

246 2847 307 2903 τοῦ
330 2836 531 2922 ἡγεμονικοῦ
554 2839 658 2920 λόγου
681 2834 802 2921 ἕπταχῆ
825 2840 979 2921 σχίζεται,
1002 2838 1085 2921 πρός
1105 2860 1142 2901 τε
1162 2835 1262 2903 πέντε
1318 2869 1322 2876 ·

317 3030 341 3067 v.
358 3018 372 3066 1
393 3009 540 3066 Philolaus
559 3010 635 3081 apud
651 3009 799 3065 Philonem
817 3010 852 3065 de
870 3008 937 3080 opif.
956 3009 1055 3064 mundi
1072 3029 1100 3081 p.
1115 3016 1149 3065 34
1169 3010 1261 3068 Cohn·

245 3082 416 3153 Wendland‚
435 3081 550 3137 Boeckh
567 3080 710 3138 Philolaos
727 3099 755 3152 p.
771 3087 822 3137 151

316 3261 341 3298 v.
357 3249 371 3296 1
392 3242 407 3297 ό
426 3241 516 3313 ρὴτωρ
532 3241 547 3297 δ
561 3243 598 3311 Β,
617 3240 648 3296 in
662 3257 730 3296 corr.
744 3242 781 3310 A,
799 3239 906 3310 όνὴτωρ
925 3240 940 3296 ό
956 3241 997 3311 St
1013 3243 1080 3311 φησὶ
1094 3239 1126 3296 δὲ
1144 3241 1223 3298 omis.
1237 3243 1262 3299 S

246 3320 261 3368 2
281 3313 296 3368 ό
315 3312 431 3370 πάντων
445 3314 508 3383 RS,
527 3313 661 3369 ἁπάντων
676 3314 704 3366 Α
775 3317 792 3366 3
812 3312 839 3367 ολ
858 3309 889 3367 δέ
907 3313 1024 3381 μυδικολ
1041 3323 1079 3368 τῶ
1097 3313 1188 3380 κρόνω
1206 3313 1258 3383 τὴν

246 3382 369 3457 ἑβδόμην
392 3383 499 3455 ἡμέραν
523 3382 640 3455 (ἡμέραν
662 3382 740 3438 omis.
759 3384 798 3454 B)
820 3382 956 3439 ἀνέθεντο
976 3384 1014 3447 ὡς
1035 3382 1167 3440 ἀνωτάτω
1184 3383 1258 3440 πάν-

243 3475 308 3512 των.
336 3456 354 3525 ἡ
375 3454 496 3582 ἑβδομὰς
514 3452 679 3525 συνέστηκεν
697 3455 729 3509 Χ
747 3455 751 3526 Ι
772 3454 799 3509 ολ
822 3453 854 3535 δὲ
877 3456 1068 3524 μαθηματικοὶ
1088 3459 1192 3523 μᾶλλον
1210 3455 1257 3510 έπλ

244 3528 276 3583 τδ
294 3531 384 3598 μυδικ
403 3549 420 3583 ν
440 3524 612 3597 ἡέποντεςδ
680 3530 753 3598 λιτῷ
776 3525 896 3582 ommS
966 3533 982 3580 ό
1001 3524 1097 3599 πατρί]
1120 3527 1261 3595 πρώτωδ

208 3621 210 3626 ·
245 3604 279 3653 10
298 3598 392 3670 δυοῖν]
408 3600 459 3653 δόο
475 3599 507 3653 Χ
525 3600 530 3668 Ι
550 3597 664 3670 ἔχοντα]
682 3595 803 3667 ἐχόντων
820 3596 870 3667 Y}
891 3595 1176 3666 άρμονικωτάτουςΑ,
1195 3616 1258 3652 ·κο·

243 3668 379 3732 τάτουςΔ
408 3687 497 3740 marg.
561 3677 592 3724 11
607 3669 781 3741 τριπλάσιον]
796 3666 943 3723 διπλάσιον
956 3668 1002 3758 Υ)
1018 3667 1072 3738 ἔχει
1082 3686 1152 3738 —p.
1168 3673 1211 3737 35,
1222 3675 1255 3723 11

244 3741 361 3830 βραγεῖα
381 3709 484 3795 δεεοαῖ
506 3742 535 3796 Y
617 3745 650 3793 12
669 3737 803 3806 διαίρεσις
820 3739 849 3793 Β
935 3745 968 3795 17
988 3738 1120 3795 απάντων
1137 3739 1168 3794 in
1187 3756 1257 3794 corr.

242 3813 280 3881 A,
299 3829 414 3868 απασαν
432 3813 461 3867 Β
534 3817 567 3866 19
585 3811 701 3879 θερινός
718 3810 796 3867 omis.
816 3810 844 3864 Β
