<?xml version="1.0" encoding="UTF-8"?>
<!DOCTYPE html PUBLIC "-//W3C//DTD XHTML 1.0 Transitional//EN"
    "http://www.w3.org/TR/xhtml1/DTD/xhtml1-transitional.dtd">
<html xmlns="http://www.w3.org/1999/xhtml" xml:lang="en" lang="en">
 <head>
  <title>
</title>
<meta http-equiv="Content-Type" content="text/html;charset=utf-8" />
  <meta name='ocr-system' content='tesseract 3.04.00' />
  <meta name='ocr-capabilities' content='ocr_page ocr_carea ocr_par ocr_line ocrx_word'/>
</head>
<body>
  <div class='ocr_page' id='page_1' title='image "./ioannislaurenti00wuengoog_0100.png"; bbox 0 0 3074 4598; ppageno 0'>
   <div class='ocr_carea' id='block_1_1' title="bbox 631 539 1236 602">
    <p class='ocr_par' dir='ltr' id='par_1_1' title="bbox 631 539 1236 602">
     <span class='ocr_line' id='line_1_1' title="bbox 631 539 1236 602; baseline 0.007 -5"><span class='ocrx_word' id='word_1_1' title='bbox 631 539 836 597; x_wconf 79' lang='lat' dir='ltr'>PRAEFATIO</span> <span class='ocrx_word' id='word_1_2' title='bbox 1175 545 1236 602; x_wconf 77' lang='lat' dir='ltr'><strong>XCI</strong></span> 
     </span>
    </p>
   </div>
   <div class='ocr_carea' id='block_1_2' title="bbox 215 707 1232 2206">
    <p class='ocr_par' dir='ltr' id='par_1_2' title="bbox 222 707 1231 867">
     <span class='ocr_line' id='line_1_2' title="bbox 224 707 1231 786; baseline -0.008 -6"><span class='ocrx_word' id='word_1_3' title='bbox 224 718 321 780; x_wconf 79' lang='lat' dir='ltr'><strong>doctis</strong></span> <span class='ocrx_word' id='word_1_4' title='bbox 348 710 497 772; x_wconf 80' lang='lat' dir='ltr'><strong>evolvitur</strong></span> <span class='ocrx_word' id='word_1_5' title='bbox 518 708 634 786; x_wconf 79' lang='lat' dir='ltr'><strong>Lydus,</strong></span> <span class='ocrx_word' id='word_1_6' title='bbox 662 707 736 768; x_wconf 82' lang='lat' dir='ltr'><strong>ulios</strong></span> <span class='ocrx_word' id='word_1_7' title='bbox 763 709 919 784; x_wconf 74' lang='lat' dir='ltr'><strong>praeterea</strong></span> <span class='ocrx_word' id='word_1_8' title='bbox 944 709 1055 769; x_wconf 84' lang='lat' dir='ltr'><strong>indices</strong></span> <span class='ocrx_word' id='word_1_9' title='bbox 1081 710 1231 772; x_wconf 79' lang='lat' dir='ltr'><strong>faciendos</strong></span> 
     </span>
     <span class='ocr_line' id='line_1_3' title="bbox 222 799 433 867; baseline -0.052 0"><span class='ocrx_word' id='word_1_10' title='bbox 222 825 284 867; x_wconf 90' lang='lat' dir='ltr'><strong>non</strong></span> <span class='ocrx_word' id='word_1_11' title='bbox 306 799 433 860; x_wconf 82' lang='lat' dir='ltr'><strong>institui.</strong></span> 
     </span>
    </p>

    <p class='ocr_par' dir='ltr' id='par_1_3' title="bbox 215 883 1232 2206">
     <span class='ocr_line' id='line_1_4' title="bbox 289 883 1232 967; baseline -0.001 -19"><span class='ocrx_word' id='word_1_12' title='bbox 289 887 444 948; x_wconf 79' lang='lat' dir='ltr'><strong>Foliorum</strong></span> <span class='ocrx_word' id='word_1_13' title='bbox 464 890 500 947; x_wconf 88' lang='lat' dir='ltr'><strong>ut</strong></span> <span class='ocrx_word' id='word_1_14' title='bbox 527 906 543 945; x_wconf 94' lang='lat' dir='ltr'><strong>e</strong></span> <span class='ocrx_word' id='word_1_15' title='bbox 569 885 652 961; x_wconf 83' lang='lat' dir='ltr'><strong>prelo</strong></span> <span class='ocrx_word' id='word_1_16' title='bbox 678 883 853 960; x_wconf 84' lang='lat' dir='ltr'><strong>prodierunt</strong></span> <span class='ocrx_word' id='word_1_17' title='bbox 879 887 998 967; x_wconf 82' lang='lat' dir='ltr'><strong>singule</strong></span> <span class='ocrx_word' id='word_1_18' title='bbox 1014 887 1139 948; x_wconf 77' lang='lat' dir='ltr'><strong>&#39;summu</strong></span> <span class='ocrx_word' id='word_1_19' title='bbox 1165 887 1232 947; x_wconf 87' lang='lat' dir='ltr'><strong>dili-</strong></span> 
     </span>
     <span class='ocr_line' id='line_1_5' title="bbox 222 973 1232 1058; baseline -0.002 -20"><span class='ocrx_word' id='word_1_20' title='bbox 222 977 327 1058; x_wconf 81' lang='lat' dir='ltr'><strong>gentie</strong></span> <span class='ocrx_word' id='word_1_21' title='bbox 357 978 388 1035; x_wconf 87' lang='lat' dir='ltr'><strong>et</strong></span> <span class='ocrx_word' id='word_1_22' title='bbox 416 975 527 1052; x_wconf 79' lang='lat' dir='ltr'><strong>insigni</strong></span> <span class='ocrx_word' id='word_1_23' title='bbox 554 991 626 1034; x_wconf 83' lang='lat' dir='ltr'><strong>euru</strong></span> <span class='ocrx_word' id='word_1_24' title='bbox 651 973 844 1048; x_wconf 83' lang='lat' dir='ltr'><strong>inspexerunt</strong></span> <span class='ocrx_word' id='word_1_25' title='bbox 869 973 1046 1037; x_wconf 83' lang='lat' dir='ltr'><strong>Albreohtus</strong></span> <span class='ocrx_word' id='word_1_26' title='bbox 1071 975 1232 1052; x_wconf 86' lang='lat' dir='ltr'><strong>Dieterioh‚</strong></span> 
     </span>
     <span class='ocr_line' id='line_1_6' title="bbox 225 1060 1232 1142; baseline -0.002 -15"><span class='ocrx_word' id='word_1_27' title='bbox 225 1064 391 1128; x_wconf 80' lang='lat' dir='ltr'><strong>Guilelmus</strong></span> <span class='ocrx_word' id='word_1_28' title='bbox 413 1062 512 1138; x_wconf 88' lang='lat' dir='ltr'><strong>Kroll,</strong></span> <span class='ocrx_word' id='word_1_29' title='bbox 539 1060 685 1141; x_wconf 77' lang='lat' dir='ltr'><strong>Georgius</strong></span> <span class='ocrx_word' id='word_1_30' title='bbox 708 1060 866 1139; x_wconf 82' lang='lat' dir='ltr'><strong>Wissowu,</strong></span> <span class='ocrx_word' id='word_1_31' title='bbox 895 1065 948 1140; x_wconf 89' lang='lat' dir='ltr'><strong>qni</strong></span> <span class='ocrx_word' id='word_1_32' title='bbox 975 1084 1064 1142; x_wconf 75' lang='lat' dir='ltr'><strong>opero</strong></span> <span class='ocrx_word' id='word_1_33' title='bbox 1085 1066 1117 1124; x_wconf 91' lang='lat' dir='ltr'><strong>in</strong></span> <span class='ocrx_word' id='word_1_34' title='bbox 1143 1085 1232 1126; x_wconf 88' lang='lat' dir='ltr'><strong>usum</strong></span> 
     </span>
     <span class='ocr_line' id='line_1_7' title="bbox 222 1151 1231 1233; baseline 0 -18"><span class='ocrx_word' id='word_1_35' title='bbox 222 1173 322 1215; x_wconf 84' lang='lat' dir='ltr'><strong>meum</strong></span> <span class='ocrx_word' id='word_1_36' title='bbox 342 1152 478 1228; x_wconf 84' lang='lat' dir='ltr'><strong>impense</strong></span> <span class='ocrx_word' id='word_1_37' title='bbox 500 1152 618 1229; x_wconf 85' lang='lat' dir='ltr'><strong>egregie</strong></span> <span class='ocrx_word' id='word_1_38' title='bbox 641 1151 676 1210; x_wconf 87' lang='lat' dir='ltr'><strong>de</strong></span> <span class='ocrx_word' id='word_1_39' title='bbox 699 1170 747 1210; x_wconf 86' lang='lat' dir='ltr'><strong>mo</strong></span> <span class='ocrx_word' id='word_1_40' title='bbox 774 1154 845 1210; x_wconf 81' lang='lat' dir='ltr'><strong>sunt</strong></span> <span class='ocrx_word' id='word_1_41' title='bbox 868 1153 982 1228; x_wconf 81' lang='lat' dir='ltr'><strong>meriti3</strong></span> <span class='ocrx_word' id='word_1_42' title='bbox 1009 1173 1062 1214; x_wconf 88' lang='lat' dir='ltr'><strong>nee</strong></span> <span class='ocrx_word' id='word_1_43' title='bbox 1084 1173 1144 1214; x_wconf 92' lang='lat' dir='ltr'><strong>non</strong></span> <span class='ocrx_word' id='word_1_44' title='bbox 1165 1155 1231 1233; x_wconf 85' lang='lat' dir='ltr'><strong>plu·</strong></span> 
     </span>
     <span class='ocr_line' id='line_1_8' title="bbox 222 1239 1230 1320; baseline 0.003 -18"><span class='ocrx_word' id='word_1_45' title='bbox 222 1243 299 1302; x_wconf 78' lang='lat' dir='ltr'><strong>rima</strong></span> <span class='ocrx_word' id='word_1_46' title='bbox 322 1240 361 1299; x_wconf 77' lang='lat' dir='ltr'><strong>od</strong></span> <span class='ocrx_word' id='word_1_47' title='bbox 382 1240 568 1300; x_wconf 82' lang='lat' dir='ltr'><strong>restituenda</strong></span> <span class='ocrx_word' id='word_1_48' title='bbox 586 1240 664 1317; x_wconf 80' lang='lat' dir='ltr'><strong>Lydi</strong></span> <span class='ocrx_word' id='word_1_49' title='bbox 684 1239 776 1299; x_wconf 82' lang='lat' dir='ltr'><strong>verba</strong></span> <span class='ocrx_word' id='word_1_50' title='bbox 799 1239 973 1315; x_wconf 55' lang='lat' dir='ltr'><strong>attlflerunt„</strong></span> <span class='ocrx_word' id='word_1_51' title='bbox 995 1242 1027 1302; x_wconf 90' lang='lat' dir='ltr'><strong>id</strong></span> <span class='ocrx_word' id='word_1_52' title='bbox 1045 1243 1125 1320; x_wconf 88' lang='lat' dir='ltr'><strong>quod</strong></span> <span class='ocrx_word' id='word_1_53' title='bbox 1143 1264 1159 1304; x_wconf 85' lang='lat' dir='ltr'><strong>o</strong></span> <span class='ocrx_word' id='word_1_54' title='bbox 1178 1264 1230 1305; x_wconf 92' lang='lat' dir='ltr'><strong>no·</strong></span> 
     </span>
     <span class='ocr_line' id='line_1_9' title="bbox 221 1327 1230 1410; baseline 0.007 -22"><span class='ocrx_word' id='word_1_55' title='bbox 221 1329 352 1389; x_wconf 83' lang='lat' dir='ltr'><strong>minibus</strong></span> <span class='ocrx_word' id='word_1_56' title='bbox 381 1328 503 1389; x_wconf 86' lang='lat' dir='ltr'><strong>illorum</strong></span> <span class='ocrx_word' id='word_1_57' title='bbox 529 1329 562 1389; x_wconf 92' lang='lat' dir='ltr'><strong>in</strong></span> <span class='ocrx_word' id='word_1_58' title='bbox 591 1329 670 1390; x_wconf 89' lang='lat' dir='ltr'><strong>notis</strong></span> <span class='ocrx_word' id='word_1_59' title='bbox 699 1327 871 1405; x_wconf 73' lang='lat' dir='ltr'><strong>saepissime</strong></span> <span class='ocrx_word' id='word_1_60' title='bbox 896 1329 1029 1392; x_wconf 74' lang='lat' dir='ltr'><strong>laudatis</strong></span> <span class='ocrx_word' id='word_1_61' title='bbox 1056 1350 1230 1410; x_wconf 78' lang='lat' dir='ltr'><strong>cognoscere</strong></span> 
     </span>
     <span class='ocr_line' id='line_1_10' title="bbox 220 1416 1229 1495; baseline 0.004 -17"><span class='ocrx_word' id='word_1_62' title='bbox 220 1418 341 1495; x_wconf 83' lang='lat' dir='ltr'><strong>poteris.</strong></span> <span class='ocrx_word' id='word_1_63' title='bbox 386 1417 450 1494; x_wconf 84' lang='lat' dir='ltr'><strong>ipse</strong></span> <span class='ocrx_word' id='word_1_64' title='bbox 472 1419 499 1480; x_wconf 88' lang='lat' dir='ltr'><strong>si</strong></span> <span class='ocrx_word' id='word_1_65' title='bbox 520 1420 553 1479; x_wconf 91' lang='lat' dir='ltr'><strong>in</strong></span> <span class='ocrx_word' id='word_1_66' title='bbox 580 1416 740 1481; x_wconf 83' lang='lat' dir='ltr'><strong>scribendis</strong></span> <span class='ocrx_word' id='word_1_67' title='bbox 766 1418 916 1478; x_wconf 87' lang='lat' dir='ltr'><strong>nonnullis</strong></span> <span class='ocrx_word' id='word_1_68' title='bbox 939 1419 1050 1480; x_wconf 82' lang='lat' dir='ltr'><strong>voculis</strong></span> <span class='ocrx_word' id='word_1_69' title='bbox 1072 1439 1132 1481; x_wconf 91' lang='lat' dir='ltr'><strong>non</strong></span> <span class='ocrx_word' id='word_1_70' title='bbox 1154 1441 1229 1482; x_wconf 87' lang='lat' dir='ltr'><strong>sem-</strong></span> 
     </span>
     <span class='ocr_line' id='line_1_11' title="bbox 220 1505 1228 1585; baseline 0.005 -19"><span class='ocrx_word' id='word_1_71' title='bbox 220 1526 275 1585; x_wconf 83' lang='lat' dir='ltr'><strong>por</strong></span> <span class='ocrx_word' id='word_1_72' title='bbox 297 1507 483 1569; x_wconf 83' lang='lat' dir='ltr'><strong>constiterim</strong></span> <span class='ocrx_word' id='word_1_73' title='bbox 504 1507 588 1585; x_wconf 75' lang='lat' dir='ltr'><strong>mihi,</strong></span> <span class='ocrx_word' id='word_1_74' title='bbox 609 1511 645 1567; x_wconf 91' lang='lat' dir='ltr'><strong>ut</strong></span> <span class='ocrx_word' id='word_1_75' title='bbox 667 1505 817 1566; x_wconf 83' lang='lat' dir='ltr'><strong>difficilior</strong></span> <span class='ocrx_word' id='word_1_76' title='bbox 839 1511 884 1567; x_wconf 84' lang='lat' dir='ltr'><strong>est</strong></span> <span class='ocrx_word' id='word_1_77' title='bbox 907 1526 984 1585; x_wconf 81' lang='lat' dir='ltr'><strong>quoe</strong></span> <span class='ocrx_word' id='word_1_78' title='bbox 1001 1509 1150 1570; x_wconf 72' lang='lat' dir='ltr'><strong>nectatur</strong></span> <span class='ocrx_word' id='word_1_79' title='bbox 1166 1529 1228 1571; x_wconf 80' lang='lat' dir='ltr'><strong>mu·</strong></span> 
     </span>
     <span class='ocr_line' id='line_1_12' title="bbox 218 1594 1229 1676; baseline 0.005 -21"><span class='ocrx_word' id='word_1_80' title='bbox 218 1595 305 1673; x_wconf 80' lang='lat' dir='ltr'><strong>teria,</strong></span> <span class='ocrx_word' id='word_1_81' title='bbox 323 1597 355 1656; x_wconf 91' lang='lat' dir='ltr'><strong>in</strong></span> <span class='ocrx_word' id='word_1_82' title='bbox 375 1616 436 1675; x_wconf 80' lang='lat' dir='ltr'><strong>qua</strong></span> <span class='ocrx_word' id='word_1_83' title='bbox 452 1599 586 1676; x_wconf 84' lang='lat' dir='ltr'><strong>profecto</strong></span> <span class='ocrx_word' id='word_1_84' title='bbox 605 1597 666 1657; x_wconf 86' lang='lat' dir='ltr'><strong>dies</strong></span> <span class='ocrx_word' id='word_1_85' title='bbox 685 1594 764 1656; x_wconf 85' lang='lat' dir='ltr'><strong>diem</strong></span> <span class='ocrx_word' id='word_1_86' title='bbox 782 1595 895 1672; x_wconf 73' lang='lat' dir='ltr'><strong>doceat,</strong></span> <span class='ocrx_word' id='word_1_87' title='bbox 917 1596 1050 1676; x_wconf 74' lang='lat' dir='ltr'><strong>graviter</strong></span> <span class='ocrx_word' id='word_1_88' title='bbox 1065 1617 1126 1659; x_wconf 92' lang='lat' dir='ltr'><strong>uon</strong></span> <span class='ocrx_word' id='word_1_89' title='bbox 1143 1599 1229 1675; x_wconf 81' lang='lat' dir='ltr'><strong>feres,</strong></span> 
     </span>
     <span class='ocr_line' id='line_1_13' title="bbox 219 1684 1227 1766; baseline 0.002 -22"><span class='ocrx_word' id='word_1_90' title='bbox 219 1684 363 1763; x_wconf 85' lang='lat' dir='ltr'><strong>itemque,</strong></span> <span class='ocrx_word' id='word_1_91' title='bbox 391 1687 418 1746; x_wconf 91' lang='lat' dir='ltr'><strong>si</strong></span> <span class='ocrx_word' id='word_1_92' title='bbox 441 1706 500 1765; x_wconf 78' lang='lat' dir='ltr'><strong>qua</strong></span> <span class='ocrx_word' id='word_1_93' title='bbox 526 1686 753 1763; x_wconf 72' lang='lat' dir='ltr'><strong>typothetarum</strong></span> <span class='ocrx_word' id='word_1_94' title='bbox 779 1688 879 1746; x_wconf 75' lang='lat' dir='ltr'><strong>errata</strong></span> <span class='ocrx_word' id='word_1_95' title='bbox 906 1687 1007 1747; x_wconf 85' lang='lat' dir='ltr'><strong>oeulos</strong></span> <span class='ocrx_word' id='word_1_96' title='bbox 1034 1705 1115 1747; x_wconf 79' lang='lat' dir='ltr'><strong>meos</strong></span> <span class='ocrx_word' id='word_1_97' title='bbox 1141 1687 1227 1766; x_wconf 75' lang='lat' dir='ltr'><strong>inge·</strong></span> 
     </span>
     <span class='ocr_line' id='line_1_14' title="bbox 218 1775 1228 1855; baseline 0.003 -21"><span class='ocrx_word' id='word_1_98' title='bbox 218 1776 291 1834; x_wconf 86' lang='lat' dir='ltr'><strong>runt</strong></span> <span class='ocrx_word' id='word_1_99' title='bbox 316 1775 445 1835; x_wconf 81' lang='lat' dir='ltr'><strong>libenter</strong></span> <span class='ocrx_word' id='word_1_100' title='bbox 470 1776 619 1854; x_wconf 78' lang='lat' dir='ltr'><strong>ignosces,</strong></span> <span class='ocrx_word' id='word_1_101' title='bbox 649 1793 774 1852; x_wconf 89' lang='lat' dir='ltr'><strong>quorum</strong></span> <span class='ocrx_word' id='word_1_102' title='bbox 800 1775 832 1833; x_wconf 91' lang='lat' dir='ltr'><strong>in</strong></span> <span class='ocrx_word' id='word_1_103' title='bbox 857 1775 1036 1855; x_wconf 80' lang='lat' dir='ltr'><strong>perlegendo</strong></span> <span class='ocrx_word' id='word_1_104' title='bbox 1062 1775 1139 1835; x_wconf 88' lang='lat' dir='ltr'><strong>libro</strong></span> <span class='ocrx_word' id='word_1_105' title='bbox 1166 1777 1228 1837; x_wconf 81' lang='lat' dir='ltr'><strong>inm</strong></span> 
     </span>
     <span class='ocr_line' id='line_1_15' title="bbox 216 1862 1226 1944; baseline 0.005 -23"><span class='ocrx_word' id='word_1_106' title='bbox 216 1862 300 1938; x_wconf 83' lang='lat' dir='ltr'><strong>typis</strong></span> <span class='ocrx_word' id='word_1_107' title='bbox 318 1863 460 1923; x_wconf 78' lang='lat' dir='ltr'><strong>mandute</strong></span> <span class='ocrx_word' id='word_1_108' title='bbox 478 1864 624 1941; x_wconf 87' lang='lat' dir='ltr'><strong>imprimis</strong></span> <span class='ocrx_word' id='word_1_109' title='bbox 642 1883 690 1924; x_wconf 84' lang='lat' dir='ltr'><strong>me</strong></span> <span class='ocrx_word' id='word_1_110' title='bbox 709 1863 907 1924; x_wconf 81' lang='lat' dir='ltr'><strong>offenderunt:</strong></span> <span class='ocrx_word' id='word_1_111' title='bbox 928 1867 1080 1944; x_wconf 82' lang='lat' dir='ltr'><strong>p.13,17</strong></span> <span class='ocrx_word' id='word_1_112' title='bbox 1099 1865 1226 1926; x_wconf 82' lang='lat' dir='ltr'><strong>seriben-</strong></span> 
     </span>
     <span class='ocr_line' id='line_1_16' title="bbox 217 1949 1227 2031; baseline 0.009 -24"><span class='ocrx_word' id='word_1_113' title='bbox 217 1949 290 2007; x_wconf 83' lang='lat' dir='ltr'><strong>dum</strong></span> <span class='ocrx_word' id='word_1_114' title='bbox 311 1949 488 2030; x_wconf 75' lang='grc' dir='ltr'><em>προσγραφὴ</em></span> <span class='ocrx_word' id='word_1_115' title='bbox 508 1983 551 1993; x_wconf 93' lang='grc'>-</span> <span class='ocrx_word' id='word_1_116' title='bbox 569 1971 599 2029; x_wconf 82' lang='lat' dir='ltr'><strong>p.</strong></span> <span class='ocrx_word' id='word_1_117' title='bbox 618 1954 669 2028; x_wconf 82' lang='lat'><strong>23,</strong></span> <span class='ocrx_word' id='word_1_118' title='bbox 690 1953 730 2011; x_wconf 80' lang='lat'><strong>12</strong></span> <span class='ocrx_word' id='word_1_119' title='bbox 755 1951 890 2031; x_wconf 80' lang='grc' dir='ltr'><strong><em>μουνάδα</em></strong></span> <span class='ocrx_word' id='word_1_120' title='bbox 903 1986 945 1996; x_wconf 91' lang='grc'><strong>·-</strong></span> <span class='ocrx_word' id='word_1_121' title='bbox 964 1973 994 2030; x_wconf 90' lang='lat' dir='ltr'><strong>p.</strong></span> <span class='ocrx_word' id='word_1_122' title='bbox 1014 1957 1102 2031; x_wconf 80' lang='lat'>64‚9</span> <span class='ocrx_word' id='word_1_123' title='bbox 1126 1954 1227 2016; x_wconf 77' lang='grc' dir='ltr'><strong><em>αἰτίων</em></strong></span> 
     </span>
     <span class='ocr_line' id='line_1_17' title="bbox 217 2038 1227 2121; baseline 0.01 -26"><span class='ocrx_word' id='word_1_124' title='bbox 217 2069 261 2078; x_wconf 92' lang='lat'>-</span> <span class='ocrx_word' id='word_1_125' title='bbox 280 2056 308 2114; x_wconf 86' lang='lat' dir='ltr'><strong>p.</strong></span> <span class='ocrx_word' id='word_1_126' title='bbox 329 2038 381 2112; x_wconf 84' lang='lat'><strong>81,</strong></span> <span class='ocrx_word' id='word_1_127' title='bbox 401 2039 420 2096; x_wconf 91' lang='lat'>8</span> <span class='ocrx_word' id='word_1_128' title='bbox 442 2040 471 2097; x_wconf 84' lang='lat' dir='ltr'>X</span> <span class='ocrx_word' id='word_1_129' title='bbox 493 2039 623 2099; x_wconf 79' lang='lat' dir='ltr'><strong>addetur</strong></span> <span class='ocrx_word' id='word_1_130' title='bbox 642 2039 675 2098; x_wconf 91' lang='lat' dir='ltr'><strong>in</strong></span> <span class='ocrx_word' id='word_1_131' title='bbox 696 2040 831 2117; x_wconf 73' lang='lat' dir='ltr'><strong>margine</strong></span> <span class='ocrx_word' id='word_1_132' title='bbox 851 2073 892 2084; x_wconf 93' lang='lat'><em>-</em></span> <span class='ocrx_word' id='word_1_133' title='bbox 910 2062 939 2118; x_wconf 87' lang='lat' dir='ltr'><strong>p.</strong></span> <span class='ocrx_word' id='word_1_134' title='bbox 961 2043 1033 2118; x_wconf 80' lang='lat'>168,</span> <span class='ocrx_word' id='word_1_135' title='bbox 1053 2044 1070 2103; x_wconf 88' lang='grc'><strong>6</strong></span> <span class='ocrx_word' id='word_1_136' title='bbox 1086 2062 1155 2121; x_wconf 78' lang='lat' dir='ltr'><strong>opp.</strong></span> <span class='ocrx_word' id='word_1_137' title='bbox 1179 2044 1227 2105; x_wconf 82' lang='grc' dir='ltr'><strong>δε-</strong></span> 
     </span>
     <span class='ocr_line' id='line_1_18' title="bbox 215 2123 988 2206; baseline 0.006 -21"><span class='ocrx_word' id='word_1_138' title='bbox 215 2123 367 2205; x_wconf 79' lang='grc' dir='ltr'><strong><em>ξιούμενοι</em></strong></span> <span class='ocrx_word' id='word_1_139' title='bbox 386 2157 429 2168; x_wconf 91' lang='grc'>-</span> <span class='ocrx_word' id='word_1_140' title='bbox 449 2145 525 2204; x_wconf 76' lang='lat' dir='ltr'><strong>quoe</strong></span> <span class='ocrx_word' id='word_1_141' title='bbox 549 2129 585 2186; x_wconf 85' lang='lat' dir='ltr'><strong>ut</strong></span> <span class='ocrx_word' id='word_1_142' title='bbox 606 2127 732 2206; x_wconf 85' lang='lat' dir='ltr'><strong>benigne</strong></span> <span class='ocrx_word' id='word_1_143' title='bbox 755 2128 886 2206; x_wconf 80' lang='lat' dir='ltr'><strong>corrigas</strong></span> <span class='ocrx_word' id='word_1_144' title='bbox 908 2132 988 2206; x_wconf 77' lang='lat' dir='ltr'><strong>peto.</strong></span> 
     </span>
    </p>
   </div>
   <div class='ocr_carea' id='block_1_3' title="bbox 0 0 1542 4598">
    <p class='ocr_par' dir='ltr' id='par_1_4' title="bbox 0 0 1542 4598">
     <span class='ocr_line' id='line_1_19' title="bbox 0 0 1542 4598; baseline 0 6"><span class='ocrx_word' id='word_1_145' title='bbox 0 0 1542 4598; x_wconf 95' lang='lat' dir='ltr'><strong> </strong></span> 
     </span>
    </p>
   </div>
  </div>
 </body>
</html>
