3074 4598
266 487 308 553 88
492 480 603 538 LIBER
622 473 796 544 QUARTUS.
823 473 1051 530 FEBRUARIUS

169 688 181 694 ·-
222 660 250 717 x
263 652 337 727 λίας
359 644 564 733 ἡγησαμένη,
591 636 648 704 καί
675 637 737 703 οὐκ
763 636 865 722 αὐτῆς
886 640 991 724 μόνης
1012 635 1095 704 ἄλλα
1116 635 1171 706 καί
1194 641 1282 724 ζωῆς

264 755 380 840 αὐτῆς,
412 741 688 838 μεταπεμψαμένη
717 746 796 823 τοὺς
825 743 944 831 ἑαυτῆς
975 743 1208 831 ἀφηγησαμίνη
1240 771 1281 813 τε

263 865 334 946 τήν,
362 866 431 943 εῖμε
458 857 522 940 ίίρα
545 850 716 936 ἐβούλετο,
745 854 932 920 λανθάνειν
958 850 1146 937 δυναμένην
1171 851 1279 941 ἆμαρ-

262 970 347 1051 τίαν,
367 962 489 1044 ἑαυτὴν
506 958 683 1043 παρόντων
701 970 768 1024 τῶν
786 967 844 1042 τῆς
862 960 1081 1047 σωφροσύνης
1098 959 1279 1046 μαρτύρων

225 1066 438 1155 κατέσφαξε.
482 1073 623 1130 κινεῖται
651 1059 713 1130 οὖν
743 1065 760 1131 6
792 1065 896 1149 δῆμος
921 1068 1005 1153 πρὸς
1030 1075 1127 1133 τοῦτο
1153 1062 1209 1131 καί
1234 1068 1276 1132 τὸ

260 1187 359 1262 μῖσος
381 1181 442 1240 τοῦ
464 1170 635 1258 τυράννου
654 1181 896 1258 προσεποιεῖτο,
918 1221 1080 1239 ........
1102 1172 1139 1252 ὃς
1156 1171 1277 1260 δραξοί-

261 1305 360 1367 μενος
379 1289 500 1366 καιροῦ
522 1275 651 1361 ἡγεῖται
673 1286 734 1343 τοῦ
749 1276 931 1363 Ῥωμαϊκοῦ
956 1278 1063 1363 δήμου
1086 1279 1141 1346 καί
1163 1303 1277 1368 παρω-

260 1394 371 1454 θεῖται
402 1395 461 1471 τῆς
491 1389 662 1472 βασιλείας
692 1385 751 1450 τὸν
785 1384 980 1470 Ταρκύνιον.
1030 1385 1168 1471 ἐτιμήθη
1200 1382 1274 1472 οὖν,

260 1495 305 1572 ὡς
328 1492 495 1578 ἐλέγομεν,
516 1492 606 1577 παρὰ
629 1501 700 1568 ταῖς
718 1490 886 1576 Ῥωμαίων
908 1489 1061 1576 γυναιξὶν
1083 1491 1101 1558 6
1124 1497 1273 1578 Βροῦτος

220 1627 247 1668 ιο
260 1603 341 1688 μετὰ
367 1602 519 1668 θάνατον
546 1599 694 1685 δημοσίῳ
720 1594 857 1682 πένθει,
889 1590 944 1664 οἰα
971 1599 1099 1676 ἔκδικος
1125 1607 1182 1683 τῆς
1208 1617 1273 1666 σω-

261 1708 451 1795 φροσύνης·
484 1702 540 1772 καὶ,
571 1703 724 1790 Βρούτας
756 1701 875 1782 εἀυτδις
905 1704 1022 1789 ἠξίουν
1053 1704 1271 1790 ὀνομάζεσθαι

258 1814 341 1899 πρὸς
357 1813 464 1896 τιμὴν
486 1809 651 1898 Βρούτου.

324 1916 376 1982 30.
397 1916 590 2004 Βέρνακλον
604 1917 665 1982 τὸν
678 1917 841 2002 δημόσιον
854 1917 986 2004 οἰκέτην
999 1920 1031 1985 οἶ
1042 1918 1283 2006 ῬωμαῖοιΙῖτΝ
1289 1939 1326 1990 2⁵

257 2029 427 2090 καλοῦσιν.
468 2023 581 2108 ἐπειδὴ
601 2025 649 2102 εἰς
665 2035 754 2112 τρεῖς
771 2027 891 2113 μοίρας
909 2026 928 2094 6
943 2025 1115 2112 Ῥωμαϊκὸς
1133 2026 1270 2116 διῄρητο

218 2156 245 2198 ιο
259 2131 373 2216 δῆμος,
405 2135 541 2217 τρίβους
571 2131 593 2215 ἡ
626 2133 716 2217 φυλὴ
742 2130 820 2218 παρ’
847 2132 961 2211 αὐτοῖς
990 2134 1183 2219 ὠνομάσθη,
1213 2135 1270 2202 καί

257 2239 431 2325 τριβοῦνοι
453 2238 486 2304 οἰ
509 2238 681 2324 δήμαρχοι.
726 2237 867 2325 φροντὶς
889 2237 927 2305 δὲ
949 2235 992 2324 ἦν
1014 2239 1125 2318 αὐτοῖς
1142 2249 1199 2325 της
1217 2242 1270 2307 ἰπ-

256 2343 452 2427 τιοδρομίας,
475 2343 519 2419 ὡς
542 2341 724 2409 ίπιτελοῖτο
746 2346 993 2428 προσηκόντως·
1015 2343 1070 2410 καὶ
1092 2347 1149 2413 διὰ
1170 2355 1269 2415 τοῦτο

258 2451 437 2535 τριβοῦνος
458 2452 507 2515 ἔτι
529 2448 585 2515 καί
608 2459 674 2516 νῦν
695 2449 823 2534 ἡγεῖται
844 2461 912 2516 τῶν
928 2453 1172 2538 βολουπτοίτων,
1193 2453 1269 2520 ἀντὶ

215 2568 242 2623 Y
256 2565 316 2623 τοῦ
339 2565 407 2620 τῶν
425 2554 581 2641 τέρψεων.
627 2557 678 2622 ὅτι
697 2556 789 2640 οἰμὼν
806 2555 862 2621 καί
880 2556 1007 2641 ἀγωνία
1024 2558 1043 2626 6
1060 2562 1159 2639 τόπος
1175 2559 1226 2626 λέ·
1240 2573 1323 2631 11125

216 2691 244 2732 εο
257 2685 349 2747 μεται
372 2662 429 2727 διδ
452 2663 489 2728 τὸ
511 2662 717 2749 κυκλοτερές,
738 2665 828 2749 παρὰ
848 2664 885 2728 τὸ
904 2665 949 2749 μη
967 2667 1055 2749 ἔχειν
1071 2671 1206 2751 γωνίαν,
1227 2663 1268 2752 ἧς

150 2849 152 2853 .
257 2771 304 2848 εἰς
326 2768 433 2834 τύπον
454 2767 512 2835 καί,
533 2768 692 2853 στέφανοι
714 2774 924 2855 κυκλοτερεῖς
946 2781 1016 2847 τοῖς
1037 2783 1173 2839 νικῶσιν
1196 2772 1268 2838 έπε-

256 2880 399 2943 τίδεντο.
454 2877 487 2941 οἰ
519 2871 556 2940 δὲ
588 2885 677 2960 τρεῖς
708 2873 820 2960 ὀβελοὶ
852 2876 914 2959 τὴν
945 2879 1131 2962 τρίστοιχου
1162 2880 1267 2963 φύσιν

256 2985 428 3068 δηλοῦσιν,
451 2982 572 3057 ὕδατος
599 2982 705 3068 πυρὸς
726 2990 800 3065 μῦς·
827 2980 877 3047 ἐπ’
901 2981 1011 3048 αὐτῶν
1037 2985 1100 3069 γὰρ
1126 2982 1181 3050 καί
1207 2988 1267 3070 μό-

255 3115 325 3157 νων
346 3089 365 3157 6
388 3090 535 3168 θάνατος
556 3089 619 3172 τὴν
640 3086 809 3175 ἐνέργειαν
828 3090 903 3173 ἔχει.
940 3088 1023 3155 ὅθεν
1039 3088 1094 3155 καί
1112 3092 1264 3177 τρικάρη-

217 3223 243 3264 ιτ
256 3222 318 3264 νον
350 3197 368 3263 6
396 3204 506 3282 μῦθος
533 3196 653 3260 δίδωσι
685 3203 731 3282 τῷ
760 3195 938 3260 Πλούτωνι
969 3197 1068 3281 κύνα,
1099 3195 1173 3263 ύντί
1204 3207 1265 3263 τοῦ

325 3429 381 3478 v.1
401 3425 450 3479 καί
472 3425 536 3496 οῦκ]
558 3424 607 3477 καί
630 3421 708 3478 omis.
728 3423 756 3476 Β
821 3429 854 3476 ’6
872 3421 1004 3478 lacunam
1026 3422 1127 3478 statuit
1145 3424 1197 3481 soh
1212 3426 1217 3495 Ι
1233 3421 1265 3488 ὃς

254 3495 290 3564 Δ,
310 3493 347 3557 ὡς
364 3494 393 3548 Β
465 3501 485 3557 7,
496 3493 651 3562 Ῥωμαϊκοῦ
670 3492 747 3548 omis¹
767 3493 796 3547 Β
877 3499 910 3548 13
930 3493 964 3549 cf.
984 3494 1018 3549 de
1036 3493 1161 3567 magistr.
1178 3494 1262 3564 Lu:

256 3563 406 3636 δημοσίους
424 3565 456 3621 δὲ
474 3563 583 3628 οἰκέτας
601 3566 672 3633 πρὸς
689 3561 843 3634 ὑπηρεσίαν
862 3560 946 3635 εἰχον,
965 3564 1013 3628 οὓς
1031 3564 1146 3622 ἐκάλουν
1163 3565 1264 3638 βερνύ-

256 3639 350 3698 κλους·
369 3634 497 3706 σημαίνει
516 3633 547 3692 δὲ
565 3635 689 3705 τοῦνομα
707 3637 772 3698 τοίς
790 3637 942 3707 οἰκογενεῖς
960 3634 1067 3699 οἰκέτας
1138 3643 1170 3692 1⁶
1188 3637 1263 3707 φυλὴ

255 3715 331 3762 πᾶσα
349 3706 418 3776 παρ’
439 3708 468 3762 Β
540 3711 573 3761 18
597 3705 794 3779 βολουπτοίτοιν
811 3708 848 3775 Α,
875 3706 906 3761 in
932 3725 1019 3779 marg.
1043 3703 1199 3778 βουσσάτων
1221 3710 1260 3781 Α,

256 3774 351 3903 Ιῗθὸτι
364 3779 441 3904 ἀγὺῖν
453 3811 487 3821 -
497 3798 523 3850 p.
539 3784 608 3847 863
624 3776 749 3850 ἀγονίαν
763 3775 910 3834 ἐπετέλουν
927 3779 961 3849 Υ,
980 3777 1058 3834 omis.
1073 3780 1104 3834 X
1155 3779 1262 3834 2166-

253 3868 269 3902 τ
305 3868 366 3903 εντο
