3074 4598
291 467 355 531 122
559 462 668 520 1111111
686 461 861 527 QUARTUS.
888 460 1029 516 11111113

248 630 404 713 Χπαῑδα,
431 632 547 716 τρίτον
564 624 726 707 Ἕλληνος
747 632 808 689 τοῦ
830 625 915 702 Διὸς
936 608 992 689 καὶ
1019 623 1155 707 νύμφης
1172 621 1309 707 Ἀγχιά-

289 740 358 819 λης,
380 734 539 831 τέταρτον
556 729 640 805 Διὸς
658 725 714 792 καὶ
734 732 845 814 Θήβης
862 740 920 815 τῆς
938 731 1134 814 Αἰγυπτίας,
1151 725 1308 812 πέμπτον

289 843 349 906 τὸν
378 839 531 922 Λιβάνου
558 831 613 898 καὶ
643 834 782 918 Νύσσης
809 836 871 902 τὸν
899 836 937 902 ἐν
958 835 1080 913 Ἰνδοῖς
1107 836 1305 918 γενόμενον,

289 944 385 1010 ἕκτον
411 942 496 1016 Διὸς
522 937 577 1002 καὶ
599 936 798 1024 Ἀλκμήνης,
825 940 969 1026 ἕβδομον
996 942 1080 1018 Διὸς
1106 939 1162 1006 καὶ
1184 942 1304 1016 Μαίας

250 1077 273 1117 «ε
286 1060 343 1134 τῆς
356 1047 543 1120 ’Ἀτλαντορ

255 1166 273 1221 s
355 1153 406 1216 68.
423 1149 495 1215 ’Ότι
514 1149 531 1215 ὁ
549 1147 708 1235 Ἀπελλῆς
729 1152 868 1238 γράφον
886 1153 944 1228 τδις
961 1154 1107 1239 Χάριτας
1129 1163 1216 1239 τρεῖς
1229 1161 1355 1219 δοειτῐίι

239 1294 241 1299 ·
288 1261 398 1342 ούσας,
419 1255 576 1340 Ἀγλαΐαν
598 1254 827 1340 Εὐφροσύνην
848 1257 1007 1341 Θάλειαν,
1024 1261 1105 1342 μίαν
1126 1255 1189 1344 μὲν
1209 1268 1303 1324 ποιεῖ

288 1364 463 1447 ἀπιοῦσαν,
487 1362 549 1428 δύο
570 1355 608 1425 δὲ
623 1357 812 1445 ἕρχομένας·
835 1371 912 1446 μιᾶς
929 1362 992 1446 γδιρ
1012 1361 1189 1446 διδομένης
1205 1365 1301 1448 χάρι-

287 1495 343 1549 τος
364 1475 500 1546 πλείους
523 1466 675 1532 ἐπανίασι
698 1475 767 1542 τοῖς
789 1467 980 1548 δεδωκόσιν.

247 1604 274 1646 ιο
355 1576 406 1642 69.
421 1574 493 1640 ’Ότι
504 1582 570 1658 πῦρ
644 1569 858 1656 ρησσομένιον
870 1574 1067 1658 πνευμάτων
1081 1583 1151 1651 τοῖς
1164 1573 1216 1640 νέ-
1229 1585 1351 1643 ἀοοιτΒι

287 1701 385 1767 φεσιν
407 1680 649 1763 άποθλίβονται
672 1679 705 1743 οἱ
727 1683 893 1765 κεραυνοί.

246 1801 272 1856 Χ
353 1788 405 1853 70.
424 1786 469 1850 Ἡ
484 1782 522 1850 δὲ
535 1787 686 1868 Μίλητος
703 1785 741 1850 τὸ
758 1782 841 1871 πρὶν
859 1785 1005 1852 ἐκαλεῖτο
1018 1771 1221 1875 Ἀνακτορία
1230 1798 1349 1855 ΙίτΝιι

354 1893 405 1957 71.
437 1891 639 1976 Ἀμάλθειαν
676 1889 713 1957 δὲ
746 1893 874 1978 τροφὸν
905 1895 1006 1978 Διός,
1042 1895 1104 1979 τὴν
1140 1896 1205 1982 ἅμα
1240 1894 1298 1962 καὶ
1316 1911 1348 1962 48

287 1999 420 2084 ἀθρόως
443 1997 497 2064 καί
522 1996 572 2062 ἑνί
594 2000 704 2088 χρόνῳ
727 2000 767 2065 τὰ
789 2000 870 2065 ὄντα
893 2008 939 2089 τῷ
956 1999 1018 2066 Διὶ
1036 1999 1216 2080 αὔξουσαν·
1239 2005 1298 2069 άλ-

244 2133 270 2176 ιι
284 2114 362 2173 θειν
379 2106 442 2192 γάρ
461 2106 499 2170 τὸ
514 2103 634 2184 αὔξειν.
670 2106 804 2191 Κράτης
822 2102 860 2172 δὲ
878 2106 942 2174 άπὸ
960 2117 1021 2173 τοῦ
1039 2109 1183 2175 διαίνειν
1194 2133 1298 2176 τουτ-

286 2212 354 2280 έστι
377 2214 524 2277 πιαίνειν
545 2212 607 2296 τὴν
629 2221 694 2296 γῆν
716 2214 871 2297 βούλεται
889 2213 1122 2298 ὀνομασθῆναι
1139 2216 1198 2281 τὸν
1215 2218 1296 2300 Δία,

284 2320 343 2385 τὸν
372 2319 419 2394 εἰς
450 2318 557 2382 πάντα
586 2319 758 2402 διήκοντα·
790 2320 1018 2397 Ποσειδώνιος
1049 2321 1108 2386 τὸν
1136 2325 1204 2386 Δία
1235 2322 1297 2386 τὸν

283 2427 391 2491 πάντα
423 2425 627 2490 διοικοῦντα·
664 2426 859 2512 Χρύσιππος
891 2423 928 2491 δὲ
956 2428 1012 2492 διὰ
1044 2427 1081 2492 ’τὸ
1115 2427 1157 2492 δι’
1191 2426 1297 2494 αὐτὸν

285 2527 371 2598 εἶναι
393 2532 433 2596 τδι
455 2531 570 2595 πάντα.
616 2532 712 2597 ἄλλοι
734 2531 795 2596 τὸν
811 2536 880 2596 Δία
902 2533 1081 2615 βούλονται
1098 2534 1296 2619 ὀνομασθη-

243 2663 271 2704 κο
285 2663 341 2703 ναι
364 2637 429 2703 ἀπὸ
453 2646 513 2703 τοῦ
537 2637 618 2721 δεῖν,
641 2635 789 2703 τουτέστι
813 2639 986 2722 δεσμεύειν
1008 2637 1064 2704 καὶ
1087 2639 1238 2725 συνέχειν
1256 2643 1295 2706 τὸ

285 2746 418 2828 σύμπαν
441 2746 615 2827 αἰσθητόν·
642 2745 736 2809 ἄλλοι
759 2742 824 2809 ἀπὸ
848 2754 908 2809 τοῦ
932 2749 997 2829 ζῆν.
1042 2742 1130 2823 τινὲς
1153 2743 1189 2811 δὲ
1211 2748 1295 2812 κατδ

284 2852 343 2915 τὸν
365 2849 511 2935 ἡρωϊκὸν
529 2848 583 2914 καὶ
604 2849 761 2934 μεριστὸν
778 2852 883 2933 λόγον
900 2860 988 2935 τρείς
1005 2853 1093 2928 Δίας
1111 2847 1196 2919 εἶναι
1214 2854 1296 2937 βού-

284 2963 414 3040 λονται,
442 2954 502 3022 ἕνα
524 2952 585 3040 μὲν
606 2955 768 3041 Αἰδέρος,
796 2958 856 3021 τὸν
878 2952 916 3021 δὲ
940 2954 1055 3041 ἕτερον
1082 2956 1120 3022 ἐν
1137 2957 1298 3048 Ἀρκαδίᾳ

284 3068 454 3146 τεχθῆναι,
478 3061 510 3142 ἐξ
535 3058 574 3128 οὗ
597 3080 702 3147 φασιν
719 3061 878 3146 Ἀθηνᾶν,
901 3065 1016 3149 τρίτον
1038 3059 1075 3128 δὲ
1093 3066 1153 3130 τὸν
1169 3068 1295 3151 Κρῆτα

354 3289 380 3325 v.
397 3277 429 3324 1ο
450 3271 558 3326 Crates:
577 3270 762 3325 Waohsmuth
781 3271 817 3326 de
836 3269 947 3327 Gratete
965 3271 1085 3328 Mallota
1102 3273 1155 3345 frg.
1170 3280 1186 3330 8

355 3482 378 3518 v.
395 3471 409 3517 1
426 3462 570 3533 ἀγχιάδης,
583 3465 619 3531 Α,
635 3480 703 3520 corr.
713 3465 751 3536 A,
804 3471 883 3520 3τοῦ
897 3464 1013 3538 λιβάνου
1027 3468 1055 3522 Β
1071 3470 1076 3538 Ι
1092 3468 1192 3541 ίνδοῖς]
1206 3468 1297 3532 ίυλοις

285 3534 313 3588 Β
384 3541 401 3587 4
421 3531 557 3602 άλιμίνης
574 3534 602 3588 Β
680 3540 713 3588 10
730 3533 945 3606 πνρηστομένων
963 3538 995 3606 S,
1018 3537 1150 3594 lacunam
1170 3537 1296 3594 indicavi

286 3609 319 3658 13
338 3602 483 3673 άμαλδίαν
502 3604 530 3658 Β
546 3605 550 3676 Ι
565 3603 616 3728 τἠν
634 3613 684 3659 τοῦ
702 3604 759 3674 άμα
773 3607 812 3674 Χ,
830 3615 880 3660 τοῦ
900 3606 953 3662 del.
973 3609 1017 3663 Rr
1089 3616 1122 3663 14
1140 3609 1235 3664 ἅλδειν
1254 3611 1295 3680 Χ,

285 3674 385 3729 άλθειν
403 3675 447 3730 Βν
520 3679 551 3727 17
570 3695 619 3729 τυ
643 3675 682 3737 είς
696 3706 728 3716 -
742 3676 791 3730 τδν
810 3674 867 3731 Δία
890 3677 968 3732 omis.
988 3679 1016 3732 Β
1089 3685 1121 3735 18
1140 3680 1297 3750 χρύσιπτιος

285 3742 333 3798 δία
350 3742 452 3805 τοῒονὺ,
464 3743 499 3798 τὰ
519 3742 611 3799 πάντα
628 3744 665 3813 A,
683 3744 836 3816 χρύσιτττιος
854 3745 885 3801 δὲ
902 3747 950 3802 διδι
968 3749 999 3803 τδ
1019 3751 1129 3806 οίιονεῑν
1147 3749 1181 3805 τδι
1198 3749 1296 3807 πάντα

285 3815 333 3883 Β,
350 3831 418 3870 corr.
438 3815 481 3870 Rr
562 3820 592 3868 21
613 3818 670 3881 ζεῖν
687 3818 714 3871 A
794 3823 828 3872 22
847 3817 963 3887 ὴροικδν
980 3819 1008 3874 A
1090 3828 1124 3876 24
1143 3821 1246 3892 κρήτην
1265 3826 1297 3880 Δ
