3074 4598
278 494 343 560 180
507 495 736 552 FRAGMENTA
754 495 937 554 [NOERTAE
956 497 1056 554 SEDIS

240 657 383 750 ΒἙστίμ
412 663 460 739 εἰς
487 661 642 748 φυλακὴν
667 671 728 727 τοῦ
754 661 831 749 παρ’
858 662 941 753 αὐτῇ
970 663 1145 730 ἀθανάτου
1170 667 1293 754 πυρός,

275 770 426 855 καθάπερ
451 768 488 835 ἐν
505 768 664 852 Ἀθήναις
685 765 766 836 ποτὲ
793 769 830 837 έν
851 780 898 862 τῷ
920 782 978 858 τῆς
1000 772 1170 850 Πολιάδος
1192 770 1293 858 Ἀθη-

276 885 337 953 νᾶς
366 878 475 965 ἀδύτῳ
505 876 571 942 ὑπὸ
599 880 834 956 Δευκαλίωνος
863 879 992 963 λέγεται
1021 878 1193 946 ἀθάνατον
1221 890 1290 967 πῦρ

275 981 488 1067 ἀνατεθῆναι.
524 984 554 1048 ελ
577 978 641 1050 οὖν
662 984 785 1071 συνέβη
808 988 846 1052 τὸ
868 996 936 1075 πῦρ
960 989 1054 1073 άφνω
1078 986 1290 1073 ἀποσβεσθῆ-

247 1113 343 1173 τναι,
369 1091 387 1156 δ
410 1087 472 1175 μὲν
495 1090 667 1178 ἀρχιερεὺς
695 1093 831 1180 ῥάβδοις
853 1093 1091 1178 ἠμφιεσμέναις
1112 1097 1208 1161 ἔπαιε
1230 1095 1289 1172 τδς

275 1195 481 1282 παρθένους,
518 1204 698 1280 συνθλίψει
730 1195 767 1266 δὲ
799 1197 908 1277 ξύλων
939 1199 1108 1267 ἀειθαλῶν
1139 1200 1211 1269 ἀλλ’
1246 1202 1288 1268 οὐ

274 1301 357 1389 πυρὶ
386 1299 488 1383 αὖθις
517 1306 678 1392 ἀνηπτετο
707 1307 789 1393 μετά
817 1328 920 1371 τινων
948 1305 1112 1389 έπιλόγων
1141 1312 1180 1375 τὸ
1208 1319 1302 1396 πῦρ..

274 1422 400 1480 κεῖνται
432 1409 470 1480 δὲ
500 1425 570 1492 τοῖς
601 1412 819 1500 βουλομένοις
847 1413 888 1478 τὰ
917 1415 1013 1496 λόγιοι
1040 1414 1130 1498 παρὰ
1163 1417 1287 1498 Τάγητι

167 1536 260 1630 dmi>
273 1515 329 1585 καί
351 1523 524 1588 Καπίτωνι
546 1521 602 1586 παλ
625 1523 764 1585 Πίσωνι.

178 1600 265 1738 1111Ῑῖ
343 1628 361 1691 7
386 1636 468 1704 (169).
496 1626 608 1712 Πέρας
635 1629 732 1711 ἔλαβε
754 1628 794 1692 τά
819 1631 972 1715 Φοντηίῳ
994 1633 1040 1714 τῷ
1058 1625 1202 1714 Ῥωμαίῳ
1217 1636 1343 1693 δοοιλΙλτ

235 1733 422 1822 Ορηθέντα
439 1732 533 1799 ποτέ·
556 1732 682 1809 ἐκεῖνος
702 1734 765 1817 γάρ
785 1737 918 1819 στίχους
936 1731 1098 1810 δοθέντας
1115 1734 1209 1809 τινάς
1228 1733 1287 1817 δῆ-

274 1849 339 1908 θεν
361 1840 513 1929 Ῥωμύλῳ
543 1835 622 1906 ποτὲ
649 1843 801 1925 πατρίοις
831 1840 973 1926 βήμασιν
1001 1837 1175 1925 ἀναφέρει,
1206 1841 1286 1918 τοὺς

274 1946 471 2031 ἀναφανδὸν
500 1946 741 2033 προλέγοντας,
777 1949 850 2013 τότε
877 1947 1054 2034 Ῥωμαίους
1088 1947 1150 2030 την
1180 1947 1287 2032 τύχην

276 2052 480 2138 ἀπολείψειν,
502 2054 583 2119 ὅταν
606 2050 701 2119 αὐτοὶ
724 2062 783 2138 τῆς
802 2058 944 2141 πατρίου
965 2064 1079 2139 φωνῆς
1097 2051 1287 2120 ἐπιλάθων-

235 2185 261 2226 15
275 2185 338 2224 ται.
382 2158 437 2225 καὶ
460 2162 519 2226 τὸν
540 2155 603 2243 μὲν
625 2163 806 2246 λεγόμενον
822 2163 970 2247 χρησμὸν
988 2159 1150 2246 τοῖςπερὶ
1168 2173 1286 2246 μηνῶν

272 2278 450 2353 γραφεῖσιν
473 2267 712 2352 έντεθείκαμεν.

165 2373 265 2468 ἐξ),
343 2373 362 2439 8
382 2382 464 2450 (170).
478 2373 548 2439 Ὅτι
562 2372 743 2459 Ἀσωνίδης
757 2371 912 2460 ἐρασθεὶς
925 2374 1025 2457 αὐτῆς
1039 2373 1109 2460 (τῆς
1120 2376 1205 2439 Νιό-
1219 2383 1340 2441 δοεελΒτ

179 2475 251 2523 9¹⁶⁷
272 2479 347 2569 βης)
364 2483 408 2568 μὴ
422 2484 613 2564 πεισθείσης
626 2481 685 2546 τὸν
699 2477 792 2547 οίιιον
810 2480 1001 2567 ἐνέπρησεν·
1020 2481 1040 2564 ι)
1059 2476 1097 2547 δὲ
1110 2480 1284 2565 φεύγουσα

272 2589 387 2668 εὔξατο
411 2595 602 2671 λιθωθῆναι
624 2586 679 2653 καὶ
702 2588 861 2674 ε’λιθώθη.

165 2705 278 2762 Oedren.
340 2698 360 2760 9
379 2703 462 2773 (171).
477 2693 545 2760 Ὅτι
559 2695 702 2779 κάρμινα
719 2695 810 2780 παρά
823 2693 991 2778 Ῥωμαίοις
1009 2698 1135 2777 λέγεται
1154 2696 1195 2759 τά
1213 2705 1337 2760 deesth

232 2832 257 2869 «ιι
272 2808 334 2887 έπη
357 2800 411 2868 καὶ
433 2805 624 2886 Καρμεντία
647 2801 666 2885 ἡ
690 2804 834 2885 μαντεία.

340 2910 383 2975 10
407 2917 490 2986 (171).
508 2907 578 2973 Ὅτι
593 2909 776 2992 δηλάτορας
789 2910 867 2984 τοὺς
881 2909 1057 2992 διαβόλους
1071 2905 1126 2973 καὶ
1140 2925 1198 2973 συ-
1212 2918 1336 2973 deesth

271 3018 439 3102 κοφάντας
461 3021 598 3081 καλοῦσι
617 3015 776 3099 Ῥωμαῖοι.

340 3125 377 3188 11
400 3131 483 3200 (173).
500 3127 676 3207 Φορτοῦνα
688 3123 777 3206 παρὰ
786 3121 987 3207 Ῥωμαίοιςὴ
1002 3121 1205 3206 εὐδαιμονία.
1215 3132 1336 3187 deesfflr

230 3257 257 3298 τε
341 3232 382 3295 12
406 3237 489 3306 (174).
513 3231 651 3315 Σπόρτα
667 3229 757 3315 παρά
775 3228 888 3306 αὐτοῖς
909 3230 929 3313 ἡ
949 3233 1078 3314 σπυρίς,
1097 3229 1118 3311 ἣ
1136 3227 1191 3294 καὶ
1210 3238 1336 3294 deesth

271 3341 391 3424 φίσκος
404 3342 560 3419 καλεῖται,
574 3336 637 3401 κάν
649 3336 831 3420 διαφέρωσι
845 3345 891 3424 τῷ
902 3341 1022 3421 φίσκον
1035 3333 1096 3420 μὲν
1105 3342 1279 3401 καλεῖσθαι

271 3446 332 3528 τὴν
362 3445 535 3530 ῥαβδωτὴν
560 3443 761 3527 πλεκτάνην,
791 3445 938 3527 σπόρταν
966 3439 1003 3507 δὲ
1032 3444 1092 3526 τὴν
1119 3443 1278 3527 φλοιώδη.

342 3619 366 3654 v.
382 3606 398 3654 σ
416 3602 481 3672 post
495 3598 612 3671 βάβδοις
629 3597 774 3654 intercidit
786 3598 906 3654 fortasse
921 3599 1028 3668 aliquid
1100 3604 1115 3652 6
1134 3595 1278 3666 ονντλίψει

272 3672 304 3740 S,
328 3672 531 3796 (ροοδοοζιειὶ
622 3670 689 3726 17δ
713 3668 744 3724 δὲ
766 3668 850 3733 λνδός
872 3689 972 3740 φησιν,
995 3668 1037 3724 ὅτι
1051 3702 1085 3711 -
1100 3675 1133 3723 19
1151 3669 1278 3740 ἐλιθώθη

271 3743 358 3798 sebo.
386 3743 523 3798 V1H01son
550 3762 576 3813 p.
601 3750 651 3797 531
766 3745 798 3795 18
824 3743 950 3805 πεισθείς
980 3742 1078 3810 schol,
1111 3757 1179 3795 corr.
1202 3739 1278 3797 Hane

271 3821 286 3882 ς
297 3820 346 3869 171
362 3814 461 3887 Georg.
473 3814 586 3871 Cedren.
597 3814 663 3869 hist.
674 3830 762 3884 oomp.
772 3831 799 3884 p.
810 3819 870 3882 294,
882 3820 914 3866 11
925 3813 1011 3867 Bona
1070 3819 1085 3879 ξ
1096 3817 1146 3866 171).
1162 3810 1277 3868 Cedren.

270 3885 340 3941 ibid,
359 3905 385 3958 p.
401 3892 462 3955 298,
477 3893 492 3941 7
564 3892 579 3953 ξ
600 3890 725 3941 173.174
744 3883 857 3939 Cedren.
876 3883 945 3939 ibid.
963 3903 991 3955 p.
1005 3889 1065 3954 297,
1080 3889 1165 3953 δεηη.
