3074 4598
443 455 552 510 LIBER
569 454 745 520 QUARTUS.
773 455 963 511 AUGUSTUS
1145 457 1206 521 151

204 637 347 702 γουστον
375 614 412 685 δέ
442 620 474 684 ol
498 617 649 703 Ῥωμαῖοι
678 620 759 684 κατά
787 619 849 702 τήν
875 621 1016 705 πάτριον
1045 623 1209 705 σημασίαν
1222 630 1303 685 XHS

205 731 342 790 καλοῦσι
369 728 428 791 τὸν
454 724 524 791 κατ’
548 727 670 792 οἰωνὸν
696 723 752 791 καὶ
777 733 870 792 θεῶν
896 730 1082 813 μαρτυρίαν
1108 748 1210 813 προα-

207 833 348 916 γόμενον
379 833 425 909 εἰς
452 835 632 915 βασιλείαν.
678 831 729 896 ὅτι
761 833 841 917 μετὰ
875 834 999 909 πολλάς
1032 833 1111 909 ὅσας
1142 833 1246 917 &pc-s

208 954 284 1014 στας
304 938 408 1003 ἀὐτοῦ
435 936 568 1022 πράξεις
595 938 613 1003 ὁ
638 939 831 1020 Αὔγουστος
857 939 916 1003 τὸν
944 937 1007 1004 άπὸ
1034 946 1092 1022 τῆς
1119 963 1213 1024 μετο-

206 1053 351 1128 πωρινῆς
386 1045 554 1129 ἰσημερίας
585 1045 872 1126 πεντεκαιδεκαετῆ
906 1044 1029 1109 κύκλον
1061 1046 1214 1127 εἰσήγαγε
1240 1069 1253 1110 ε

207 1145 260 1212 καὶ
282 1147 387 1234 τούτῳ
414 1158 484 1224 τοῖς
511 1154 758 1232 φιλοσοφοῦσιν
785 1146 958 1233 ἑπόμενος,
985 1149 1021 1215 οἵ
1045 1166 1126 1233 φασι
1153 1149 1215 1232 τήν

208 1253 400 1336 ἰσημερινήν
419 1255 509 1337 ὥραν
529 1254 726 1318 συνεστάναι
745 1252 780 1316 ἐκ
799 1251 974 1318 δεκαπέντε
991 1265 1126 1338 μοιρῶν.
1163 1253 1215 1317 ότι

156 1389 159 1393 ’
207 1358 239 1422 οἱ
257 1357 407 1442 Ῥωμαῖοι
432 1359 629 1441 Αὔγουστον
651 1359 711 1423 τὸν
737 1367 825 1443 μῆνα
851 1358 1026 1442 ὠνόμασαν
1049 1360 1095 1435 εῑς
1117 1359 1214 1443 τιμὴν
1254 1446 1256 1450 .

206 1473 267 1528 τοῦ
290 1463 489 1545 Αὐγούστου
511 1467 680 1549 Καίσαρος
703 1463 933 1540 ἀποθανόντος
961 1466 1005 1540 ὥς
1030 1481 1112 1548 φασι
1134 1465 1215 1529 κατά

207 1570 268 1652 τήν
290 1567 521 1652 ἑκκαιδεκάτην
543 1578 603 1634 τοῦ
626 1570 780 1634 τοιούτου
803 1572 913 1652 μηνός.
1230 1595 1256 1634 ιο

154 1685 276 1739 11111139
303 1675 373 1738 112.
388 1673 458 1739 Ὅτι
481 1676 675 1758 Αὔγουστος
697 1675 757 1740 τὸν
774 1684 834 1739 τοῦ
857 1672 1072 1759 Σοφοκλέους
1091 1676 1218 1740 Αίαντα
1231 1685 1258 1738 Y

209 1783 256 1857 είς
282 1783 343 1866 τήν
369 1783 510 1866 πάτριον
537 1782 654 1866 φωνήν
680 1783 889 1865 μετήνεγκεν·
917 1776 986 1846 εἶτα
1014 1780 1218 1864 ἀκμαζούσης

210 1886 298 1975 αὐτῷ
321 1888 400 1971 μετὰ
430 1889 490 1971 τῆν
517 1888 699 1973 πρακτικήν
726 1886 781 1953 καὶ
809 1897 865 1972 τῆς
893 1887 928 1953 ἐκ
956 1890 1066 1970 λόγων
1091 1887 1219 1973 ἀρετῆς,

210 1992 254 2069 ὡς
277 1991 415 2071 ἀναξίαν
438 1993 472 2059 ἐκ
495 1998 684 2080 παραβολῆς
711 1995 794 2078 πρὸς
817 1992 993 2079 Σοφοκλέα
1015 1994 1077 2077 τὴν
1100 1993 1219 2060 ἑαυτοῦ

212 2100 403 2181 διαγίνωσκε
430 2102 634 2187 τραγῳδίαν,
664 2101 788 2184 ταύτην
816 2099 993 2183 ἐξήλειψεν.
1043 2095 1113 2166 εἶτα
1143 2099 1222 2184 ἐρο-
1236 2109 1286 2164 YS

211 2203 326 2289 τηθάς
356 2207 437 2291 πρὸς
469 2215 529 2270 τοῦ
559 2205 763 2291 Κικέρωνος,
796 2203 870 2290 παρ’
905 2197 930 2290 ᾧ
962 2207 1042 2288 μετὰ
1075 2208 1221 2288 σπουδῆς
1236 2232 1261 2272 ιε

215 2309 417 2374 ἐπαιδεύετο·
450 2310 531 2375 (ποῦ
563 2311 718 2394 τυγχάνει
751 2310 769 2375 ὁ
801 2310 890 2394 παρά
922 2318 984 2374 σοῦ
1013 2312 1222 2394 γραφόμενος

219 2416 326 2494 Αίας;’
350 2415 484 2492 ἀστείως
507 2418 573 2500 άμα
595 2414 649 2481 καί
671 2427 837 2499 νουνεχῶς
856 2415 1065 2500 ἀπεκρίνατο,
1089 2418 1222 2503 σπόγγῳ

214 2523 274 2586 τὸν
306 2520 425 2585 ἑαυτοῦ
457 2527 603 2605 Αίαντα,
635 2522 784 2605 καθάπερ
818 2522 943 2607 σιδήρῳ
975 2522 1035 2585 τὸν
1066 2531 1126 2585 τοῦ
1158 2526 1224 2586 Σο-

216 2625 392 2710 φοκλέους,
426 2625 602 2692 ἐπιπεσεῖν.
656 2625 711 2690 καί
742 2626 884 2707 τοσαύτη
913 2649 963 2700 τις
1000 2625 1089 2712 αὐτῷ
1122 2648 1225 2711 φρον-
1239 2635 1265 2688 Y

164 2762 167 2780 ·-
216 2729 266 2805 τὶς
291 2725 374 2795 οὖσα
401 2728 477 2814 περὶ
505 2734 625 2812 λόγους
653 2728 845 2812 ἐτύγχανεν,
874 2731 918 2805 ὡς
944 2731 1103 2814 άρχοντος
1131 2729 1226 2793 άπαι-
1239 2756 1266 2794 21

218 2836 337 2900 δεύτου
360 2836 484 2920 γράψαι
506 2837 589 2919 πρὸς
612 2834 715 2899 αὐτὸν
733 2836 896 2917 δημοσίαν
917 2836 1140 2918 τολμήσαντος
1159 2832 1228 2897 ἐπι-

219 2941 340 3024 στολὴν
366 2940 470 3016 οὔτως
498 2939 734 3024 ἀγανακτῆσαι,
762 2939 806 3015 ὡς
833 2944 1019 3024 παραλῦσαι
1046 2947 1103 3023 τῆς
1127 2937 1228 3024 ἀρχῆς

290 3115 313 3151 v.
331 3103 344 3150 l
366 3096 393 3150 οὶ
412 3096 490 3152 omis.
500 3097 535 3150 Η
538 3097 559 3151 S
573 3099 577 3167 Ι
593 3095 664 3150 κατὰ
674 3128 708 3136 -
718 3091 856 3165 σημασίαυ
875 3093 953 3148 omis,
966 3093 1006 3167 8Ι
1022 3090 1160 3163 σημασίαν
1178 3093 1229 3147 αὔ-

219 3177 274 3223 τῶν
292 3169 342 3223 τὸν
355 3169 390 3222 Η
458 3175 474 3221 2
493 3170 607 3223 καλοῦσι
622 3169 659 3238 X,
679 3185 748 3237 φασι.
763 3167 790 3236 S,
809 3169 922 3221 καλοῦσι
941 3166 1006 3235 post
1021 3161 1163 3237 βασιλείαν
1181 3180 1231 3234 po-

220 3239 278 3294 suih
295 3240 347 3312 ΙΙΙ
367 3238 439 3294 κατὰ
457 3240 492 3293 Η
507 3239 619 3309 (οἰωνὸν
637 3239 685 3293 καὶ
704 3237 793 3308 omis.)
813 3239 818 3310 Ι
838 3235 900 3293 κατ’
918 3237 1020 3291 οἰωνὸν
1039 3236 1067 3306 S,
1086 3232 1155 3290 καθ’
1173 3235 1231 3290 οἱο-

220 3321 289 3367 νοῦν
312 3312 352 3380 A,
380 3315 534 3380 καθιεροῦν
557 3312 630 3383 A,B
653 3311 657 3382 Ι
681 3314 758 3364 θεῶν
776 3310 816 3379 A,
844 3314 914 3363 θεοῦ
934 3307 1025 3363 BHS
1047 3309 1052 3379 Ι
1077 3304 1231 3376 μαρτυρίαν

221 3383 258 3450 A,
276 3379 428 3451 μαρτυρίας
445 3383 513 3436 BH
515 3383 537 3438 S
551 3383 555 3453 Ι
571 3378 761 3452 προαγόμενος
774 3382 810 3449 A,
829 3377 1039 3450 προσαγόμενον
1053 3379 1126 3447 ΒΗ,
1144 3397 1233 3446 προα-

222 3453 381 3525 γόμενονδ
469 3451 659 3525 δβασιλείαν]
683 3449 844 3521 μαρτυρίαν.
874 3453 926 3505 cet.
946 3451 1003 3504 des,
1024 3451 1054 3503 X
1080 3450 1085 3519 Ι
1115 3449 1234 3510 δσαύτας

224 3525 253 3592 S,
271 3525 347 3596 quod
361 3523 466 3579 correxi
540 3530 571 3578 11
592 3522 635 3577 ότι
652 3523 803 3594 αὔγουστος
816 3554 850 3562 -
864 3541 891 3591 p.
908 3527 993 3589 152,7
1013 3517 1192 3590 διαλέγεσθαι
1208 3520 1237 3573 Y

224 3598 336 3665 praeter
349 3597 378 3649 D
451 3600 484 3650 15
504 3593 545 3650 ὅτι
560 3595 575 3650 δ
590 3595 741 3666 αὔγοοστος
755 3593 904 3663 ἐρωτηθείς
918 3591 995 3660 παρά
1009 3599 1058 3645 τοῦ
1073 3623 1107 3631 -
1122 3597 1157 3645 20
1175 3590 1234 3644 ἐπι-

225 3676 319 3723 πεσεῖν
338 3667 360 3722 S
429 3673 461 3722 17
481 3666 614 3739 τυγχάνοι
633 3667 678 3737 ΥΙ
698 3664 775 3733 παρά
794 3673 844 3718 σοῦ
863 3663 941 3719 σαιίε.
961 3664 989 3717 Υ
1008 3663 1013 3734 Ι
1036 3663 1153 3733 γραφείς
1170 3661 1236 3724 αίας

225 3736 307 3809 λόγος
325 3739 347 3794 S
404 3745 437 3794 18
455 3739 520 3801 αὔας
534 3738 620 3793 αύτδυ
635 3734 748 3798 άστείως
766 3737 811 3806 ΥΙ
828 3733 1038 3804 ἀποκρίνασθαι
1058 3735 1086 3788 Y
1145 3740 1177 3789 19
1197 3733 1235 3787 εί-

223 3811 288 3878 ιπάιν
306 3806 416 3880 σπόγγοι
434 3810 475 3881 S}
491 3811 576 3864 αὑτοῦ
600 3810 633 3880 Y,
653 3808 753 3863 ἑαυτοῦ
771 3807 794 3862 S
864 3812 897 3860 22
917 3803 1036 3876 δημοσία
1056 3805 1080 3860 O
