3074 4598
640 492 890 582 mmmm
1223 534 1266 600 ης

258 698 409 788 μιγάδων
435 703 566 777 ψυχῶν·
592 690 634 753 τά
661 690 724 773 γάρ
752 696 811 788 της
837 700 944 774 ψυχῆς
971 693 1170 775 στηρίγματα
1195 692 1359 761 τέσ-ΧΥΞ

259 803 345 888 σαρά
368 799 447 883 ἐστι,
474 807 557 874 νοῦς
584 794 745 878 ἐπιστήμη
774 791 855 871 δόξα
881 802 1048 882 αἴσθησις.
1091 797 1177 880 ψυχὰ
1203 800 1267 883 γάρ

258 907 453 992 ἀνθρώπου,
472 905 518 982 ὡς
536 903 744 986 Πυθαγόρας
763 901 838 984 ἔφη,
857 905 925 967 ἔστι
942 905 1149 989 τετράγωνον
1167 900 1267 988 ὀρθο-

259 1016 392 1101 γώνιον.
434 1009 595 1095 Ἀρχύτας
618 1003 656 1072 δὲ
677 1015 736 1090 τῆς
758 1015 867 1090 ψυχῆς
887 1009 947 1074 τὸν
970 1010 1054 1096 ὅρον
1076 1009 1135 1075 ούκ
1157 1008 1193 1075 ἐν
1214 1034 1265 1075 τε·
1282 1021 1308 1074 Y

257 1121 432 1208 τραγώνῳ,
456 1114 527 1182 ἀλλ’
551 1115 589 1181 ἐν
610 1114 721 1199 κύκλῳ
744 1111 944 1198 ἀποδίδωσι,
968 1115 1038 1182 εδιά
1060 1125 1155 1183 τοῦτο
1177 1118 1267 1200 ύνχὰ
1291 1146 1305 1187 ι

257 1228 295 1293 τὸ
319 1225 400 1290 αὑτὸ
422 1232 552 1308 κινοῦν,
575 1220 704 1306 ἀνάγκα
726 1215 765 1284 δί
788 1218 981 1306 τὸπρῶτον
1003 1232 1129 1307 κινοῦν,
1148 1225 1269 1302 κύκλος

258 1329 295 1398 δὲ
320 1339 419 1397 τοῦτο
441 1329 462 1416 ἰΙ
486 1329 637 1418 σφαῖρά.
680 1324 735 1393 καί
768 1325 854 1392 οὕτω
884 1323 946 1411 μὲν
971 1325 1026 1393 ε’πί
1050 1338 1109 1394 τοῦ
1136 1340 1268 1415 νοητοῦ,
1281 1340 1337 1396 ΧΥ

257 1434 359 1506 οὐδὲν
385 1435 423 1504 δὲ
449 1433 550 1523 ήττον
577 1434 657 1503 κάπί
684 1443 745 1500 τοῦ
772 1433 936 1518 αἰσθητοῦ
965 1432 1034 1499 ἐστι
1063 1437 1208 1502 συνιδεῖν
1230 1437 1267 1503 ἐν

257 1557 329 1624 ταῖς
350 1558 419 1613 τῶν
437 1547 530 1627 ζώων
552 1542 713 1631 γενέσεσι·
735 1551 870 1627 πρῶτον
896 1537 958 1626 μὲν
984 1542 1049 1627 γάρ
1078 1539 1143 1607 ἐστι
1171 1542 1267 1630 σπέρ-
1280 1545 1307 1599 Y

257 1678 359 1740 ματος
380 1657 562 1739 καταβολή,
586 1651 745 1736 δεύτερον
769 1643 806 1712 δὲ
828 1647 849 1732 ἡ
872 1650 920 1725 εἰς
941 1649 983 1714 τά
1011 1647 1090 1732 γένη
1117 1650 1266 1734 διανομή,
1280 1676 1307 1716 ιο

257 1764 371 1847 τρίτον
389 1759 536 1845 αύξησις,
558 1755 615 1824 καί
633 1755 792 1842 τέταρτον
805 1759 979 1834 τελείωσις.
1016 1755 1101 1821 άλλδ
1117 1756 1180 1840 μήν
1197 1755 1268 1823 τὲσ-
1281 1767 1338 1823 ΧΥ
1349 1741 1363 1780 ”

258 1864 356 1951 σαρές
377 1889 413 1930 τε
435 1865 534 1948 ήλίου
556 1864 691 1950 τροπαί,
717 1859 795 1928 καθ’
824 1860 862 1939 δς
883 1863 924 1927 τά
946 1864 1029 1928 ὄντα
1051 1874 1267 1950 συντηρεῖται,

258 1973 424 2056 ἰσημερίαι
452 1970 530 2054 δύο,
553 1970 675 2054 θερινή
692 1965 748 2033 καί
770 1969 939 2054 χειμερινὴ
958 1972 1074 2056 τροπή.
1116 1968 1268 2058 τέσσαρες

257 2073 295 2142 δὲ
324 2073 380 2141 καί
407 2073 509 2157 αὐτῆς
536 2083 593 2158 τῆς
621 2075 761 2156 σελήνης
791 2073 825 2137 αἱ
853 2084 980 2158 πρῶται
1015 2077 1130 2160 φάσεις
1158 2077 1266 2164 ὥσπερ

256 2183 344 2270 ῥίζαι
365 2178 421 2246 καί
439 2180 553 2266 ἀρχαί,
589 2179 733 2255 σύνοδος
760 2179 966 2263 πανσέληνος
994 2181 1161 2266 διχότομοι
1192 2182 1265 2267 δύο,
1279 2200 1305 2242 1⁵
1376 2183 1378 2188 ’

256 2287 393 2373 ἑκάστης
425 2288 557 2372 φάσεως
583 2285 783 2368 ἀλλοιούσης
816 2287 877 2370 τήν
907 2284 1092 2372 ἐνέργειαν·
1116 2286 1178 2352 ἀπὸ
1205 2284 1362 2372 μίνΧΥΗ

211 2428 214 2433 ’
255 2398 319 2483 γάρ
344 2395 492 2462 συνόδου
514 2391 576 2471 ἕως
600 2393 779 2477 διχοτόμου
801 2390 968 2479 ὑγραίνει,
997 2391 1062 2459 ἀπὸ
1090 2388 1126 2458 δὲ
1147 2394 1266 2479 ταύτης

256 2502 317 2579 ἕως
344 2504 556 2585 πανσελήνου
587 2500 778 2585 θερμαίνει,
811 2497 874 2564 άπὸ
911 2496 948 2564 δὲ
978 2499 1099 2584 ταύτης
1128 2498 1187 2577 ἕως
1208 2510 1266 2585 τῆς

256 2605 413 2694 δευτέρας
440 2608 621 2691 διχοτόμου
653 2605 811 2691 ξηραίνει,
844 2604 879 2671 ἐκ
911 2602 947 2671 δὲ
980 2606 1100 2689 ταύτης
1129 2605 1189 2684 ἕως
1212 2606 1264 2673 ἐπὶ

325 2852 351 2889 v.
369 2841 387 2888 4
405 2834 545 2905 Archytas
563 2854 588 2892 v.
608 2833 699 2890 Zeller
716 2832 789 2888 Phil.
800 2833 827 2887 d.
845 2832 890 2888 Gr.
905 2833 995 2888 1112⁸
1010 2839 1070 2890 105.

325 3065 349 3102 v.
369 3053 385 3101 2
404 3047 473 3120 ἐστι]
493 3048 545 3102 εἰσι
565 3047 588 3103 0
606 3050 611 3117 Ι
631 3055 711 3118 ψυχά
732 3047 767 3116 A,
781 3057 823 3116 ψν
841 3047 858 3118 ὴ
876 3048 934 3119 A„
953 3047 1033 3118 ψυχὰ
1051 3047 1110 3103 rell.
1179 3051 1265 3105 δᾶν·

252 3120 378 3186 θράπαν
396 3119 419 3174 S
438 3120 443 3188 Ι
469 3117 556 3188 φησίν
579 3117 594 3173 δ
617 3115 786 3188 ποδαγύρας
808 3069 846 3186 ΙΙ,
870 3120 906 3181 ὡς
923 3117 1092 3188 κυδαγύρας
1108 3119 1159 3189 ἔφη
1179 3120 1237 3176 XS
1258 3121 1262 3194 Ι

254 3191 430 3259 εύθνγάνιον
457 3190 486 3243 Y
507 3191 511 3258 Ι
535 3188 710 3260 τετράγωνον
733 3189 782 3243 καί
805 3189 877 3243 εὐθύ
895 3189 1070 3245 ωνον-ον-Ὲ*
1137 3188 1265 3262 λ’Λρχύ-

205 3329 209 3335 Ι
254 3280 352 3323 τας-
367 3265 382 3313 7
398 3269 505 3329 σφαῖρα
524 3260 626 3314 desunt
648 3260 691 3328 X,
718 3258 842 3329 ἀρχύτας
864 3211 895 3314 δί
912 3260 1016 3314 κύκλον
1034 3259 1121 3328 αύτήν
1142 3279 1227 3331 φησιν
1245 3263 1269 3318 S

215 3361 217 3365 <
255 3337 397 3398 δπρᾶτον
415 3330 478 3386 ΡΘ
499 3329 504 3402 Ι
526 3338 626 3386 κινοῦν
643 3329 721 3386 omis.
741 3329 772 3384 D
866 3336 881 3384 7
901 3328 988 3392 οὕτως
1013 3331 1042 3384 Β
1126 3336 1142 3386 8
1169 3331 1252 3388 οὐδὲν
1353 3398 1355 3402 Ι

254 3399 322 3456 οὐδὲ
345 3401 373 3456 A
464 3407 480 3456 9
500 3401 569 3483 ἐστι]
587 3402 625 3463 ὡς
645 3401 676 3456 D
700 3402 705 3469 Ι
731 3397 885 3467 σπέρματος
907 3432 941 3441 -
965 3404 999 3453 10
1024 3402 1141 3472 διανομὴ
1164 3402 1251 3458 desun

255 3472 297 3542 X,
315 3471 420 3527 lacuna
437 3471 599 3540 quindecm
616 3471 674 3526 fere
692 3469 852 3525 litterarum
870 3471 929 3596 Βγ,
948 3472 1070 3542 διαμονή
1094 3473 1127 3543 Υ,
1144 3475 1264 3545 διανομὴ

255 3543 290 3598 οἱ.
310 3541 343 3597 G.
361 3542 501 3598 Wissowa
519 3543 623 3598 collato
640 3541 714 3596 Plat.
733 3541 804 3596 Tim.
823 3560 850 3612 p.
866 3547 898 3596 73
1002 3549 1035 3598 11
1056 3544 1103 3599 καί
1121 3544 1197 3600 omis.
1217 3547 1250 3600 X

254 3613 310 3684 μὴν
331 3615 382 3668 καὶ
404 3610 534 3683 τέσσαρες
553 3614 586 3669 F
677 3618 710 3667 12
738 3632 768 3667 τε
801 3621 851 3666 τοῦ
871 3613 902 3668 D
927 3616 931 3683 Ι
956 3612 1027 3668 καθ’
1049 3613 1094 3688 ἃς]
1115 3616 1154 3679 εἰς
1177 3616 1212 3679 άς

255 3689 288 3740 13
308 3682 495 3754 ἰσημερίαι-
513 3683 603 3753 τροπή
622 3684 724 3739 desunt
844 3690 878 3738 14
896 3685 1015 3753 φαύσεις
1046 3686 1074 3740 Β
1144 3691 1175 3740 16
1190 3688 1263 3756 φαύ·

254 3773 321 3819 σεως
339 3756 376 3826 Β,
395 3756 504 3825 φύσεως
522 3757 560 3811 Μ
577 3761 582 3825 Ι
603 3764 726 3824 φυσικῶς
744 3753 777 3810 δὲ
794 3754 812 3824 ἡ
831 3754 929 3826 σελήνη
948 3755 1006 3810 ἀπὸ
1025 3754 1075 3826 μὲν
1093 3755 1210 3813 συνόδου
1228 3791 1263 3800 -

253 3845 281 3897 p.
297 3831 370 3896 30‚7
391 3826 527 3902 ξηροτάτη
550 3826 609 3903 ὥρᾳ
627 3827 663 3881 H
682 3826 700 3880 f.
721 3831 801 3880 168V.
891 3832 923 3881 17
943 3827 1000 3882 ἀπὸ
1025 3826 1056 3882 δὲ
1078 3828 1176 3898 ταύτης
1200 3828 1262 3894 ἕως]

253 3897 285 3953 ἐκ
299 3895 327 3952 δ’
340 3895 448 3968 ἐκείνης
466 3897 512 3953 ἐπί
529 3907 579 3970 τῆς
598 3898 665 3953 XH
736 3902 769 3952 19
784 3896 894 3968 ἐκ-μ,
909 3904 972 3967 30,1
988 3899 1073 3970 ψύχει
1087 3898 1184 3954 desunt
1199 3901 1266 3955 ΧΗ
