3074 4598
267 469 407 526 LXXVIII
669 471 877 528 PRAEFATIO

265 641 381 718 licebit,
413 643 487 721 quid
517 661 554 701 ex
581 640 633 716 iis,
665 661 742 719 quae
774 642 846 705 olim
871 642 995 724 siugulis
1026 644 1110 706 libris
1141 644 1283 707 tribuerit

265 731 392 792 Ioannes
419 731 536 810 Lydae,
567 730 655 792 hodie
687 733 824 810 supersit.
870 733 1008 794 docemur
1039 737 1140 796 autem
1170 735 1281 810 titulis,

265 823 318 898 qui
341 839 360 881 a
381 820 547 881 Barberiua
570 820 682 881 servati
707 827 778 883 sunt
803 822 985 903 recensione,
1012 823 1141 884 alterum
1166 824 1280 885 librum

264 911 355 971 fuisse
378 907 443 986 περὶ
469 905 596 989 ἡμέρας,
622 911 745 971 tertium
771 911 838 993 περὶ
861 912 968 992 μηνός,
996 917 1135 991 quartum
1157 914 1194 974 de
1216 915 1277 975 siu·

264 1000 343 1078 gulis
360 998 510 1058 mensibus
529 1001 737 1078 conscriptum
774 1002 858 1061 deest
876 1001 984 1062 titulus
1000 1003 1098 1081 primo
1116 1004 1172 1063 soli
1189 1003 1279 1080 hbro,

265 1088 318 1166 qui
353 1087 485 1147 omnium
520 1088 649 1150 maxime
685 1090 843 1150 mutilatus
880 1095 1095 1170 corruptusque
1131 1095 1191 1167 est,
1230 1093 1277 1152 ita

262 1181 298 1236 ut
323 1175 357 1236 iu
385 1176 570 1254 disponenda
600 1179 663 1238 eius
692 1178 819 1238 materia
848 1178 1070 1256 desperaverint
1095 1180 1154 1241 viri
1181 1181 1275 1242 docti:

261 1285 299 1325 ne
323 1264 359 1326 de
382 1271 558 1345 argumento
580 1268 700 1345 quidem
716 1267 799 1328 illius
818 1267 986 1342 constabat3
1010 1288 1070 1345 quo
1088 1270 1201 1330 iactum
1219 1274 1275 1347 est,

261 1357 297 1413 ut
320 1353 375 1415 Gu.
393 1357 524 1418 Roether
546 1359 578 1417 in
602 1356 730 1418 editione
753 1356 822 1417 huic
844 1355 920 1415 libro
941 1355 1126 1432 inscripserit
1143 1354 1274 1436 ‘excerp-

260 1448 361 1504 torum
381 1446 459 1506 varii
482 1442 673 1525 argumenti'.
718 1449 864 1522 attamen,
888 1445 913 1504 si
935 1444 1069 1524 singulas
1090 1449 1180 1523 primi
1201 1447 1273 1508 libri

259 1536 463 1614 paragraphos
478 1536 648 1595 accuratius
663 1534 950 1611 perlustraverimus,
968 1538 1177 1611 argumentum
1193 1535 1273 1596 illud

258 1622 341 1684 haud
369 1624 415 1683 ita
445 1625 566 1684 uarium
597 1623 688 1684 fuisse
719 1623 933 1700 intellegemus.
981 1624 1150 1699 fragmenta
1182 1624 1270 1699 enim,

259 1732 338 1790 quae
359 1712 447 1772 hodie
470 1715 639 1788 supersunt,
663 1711 808 1787 quomodo
832 1711 904 1769 olim
925 1712 1004 1770 inter
1026 1729 1057 1770 se
1076 1710 1270 1786 cohaeserint,

257 1801 368 1862 indicio
391 1804 436 1860 est
459 1799 479 1878 ξ
499 1802 551 1876 37,
574 1819 666 1876 quam
688 1819 704 1858 e
724 1799 910 1875 praefatione
932 1799 1008 1861 libro
1032 1799 1068 1860 de
1086 1800 1269 1880 magistrati-

256 1889 312 1948 bus
334 1889 499 1965 praemissa
525 1888 585 1948 huc
606 1889 784 1949 translatam
812 1906 874 1948 esse
901 1907 992 1967 supra
1012 1889 1128 1951 monui:
1155 1887 1189 1951 τὰ
1211 1888 1268 1972 γὰρ

257 1973 385 2056 ἐπίσημα
416 1982 476 2038 τῶν
508 1974 658 2058 ἀρχόντων
689 1974 747 2038 ἀπὸ
782 1976 926 2040 Θούσκων
956 1975 1056 2058 λαβὼν
1086 1975 1102 2040 ὁ
1130 1977 1269 2060 βασιλεὺς

256 2068 383 2146 Νουμᾶς
410 2077 447 2152 τῇ
474 2067 606 2151 πολιτείᾳ
633 2064 800 2148 εἰσήγαγεν,
828 2065 924 2148 ὥσπερ
949 2067 1000 2130 καὶ
1025 2073 1085 2129 τῶν
1112 2067 1211 2130 ὅπλων
1233 2068 1266 2130 τὸ

256 2155 406 2236 δύσμαχον
428 2154 487 2219 dat
510 2158 659 2217 Γαλατῶν.
703 2156 804 2216 iuerat
826 2159 936 2233 autem,
961 2160 998 2217 ut
1020 2176 1056 2217 ea
1082 2177 1158 2235 quae
1180 2177 1266 2235 prae·

255 2245 365 2306 cedunt
392 2265 446 2306 uos
477 2245 614 2321 edocent,
642 2245 675 2305 iu
700 2245 797 2322 primo
825 2245 861 2304 de
889 2246 1038 2306 mensibus
1066 2247 1142 2306 libro
1169 2247 1265 2307 usius

254 2333 440 2411 disputatum
462 2335 499 2394 de
522 2333 615 2410 Lydis
642 2353 801 2411 eorumque
826 2333 976 2411 mysteriis
1001 2333 1038 2416 ab
1060 2335 1194 2395 Etruscis
1217 2354 1265 2395 ae-

254 2424 348 2500 ceptis
370 2427 401 2483 et
423 2424 459 2483 de
481 2424 713 2501 magistratuum
734 2423 924 2500 militumque
944 2423 1109 2502 insignibus
1128 2443 1147 2484 a
1164 2423 1265 2485 Numa

252 2510 400 2587 Pompilio
415 2513 543 2572 Romam
563 2511 673 2586 allatis,
692 2530 768 2588 quae
786 2531 834 2572 res
853 2530 959 2572 causae
976 2512 1043 2589 fuit,
1060 2516 1097 2573 ut
1114 2532 1164 2575 eos
1181 2514 1264 2585 locos

251 2599 322 2658 libri
344 2600 380 2658 de
401 2600 639 2679 magistratibus,
662 2599 768 2676 quibus
790 2600 920 2679 insignia
941 2601 1089 2678 quaedam
1109 2604 1158 2663 vel
1176 2603 1262 2663 iusti·

250 2691 320 2747 tuta
341 2690 575 2766 magistratuum
597 2688 786 2764 militumque
810 2688 948 2749 describit
969 2689 1070 2766 Lydus
1092 2691 1262 2769 quibusque

251 2775 392 2836 lectorem
418 2777 457 2836 ad
483 2776 594 2836 librum
621 2774 687 2853 περὶ
712 2780 817 2854 μηνῶν
848 2778 977 2855 relegat,
1003 2778 1073 2838 huic
1099 2781 1196 2857 primo
1223 2780 1260 2839 de

249 2864 398 2923 mensibus
411 2864 514 2924 libello
528 2867 683 2941 tamquam
693 2861 906 2941 ἀποσπάσματα
915 2866 1052 2924 adderem
1061 2860 1096 2949 (ἕ
1105 2861 1259 2950 38-41).

250 2955 281 3012 et
309 2955 411 3011 extant
436 2972 469 3012 re
496 2971 569 3011 vera
595 2952 690 3028 ipsius
716 2951 787 3010 libri
813 2951 994 3029 fragmenta,
1023 2954 1132 3030 quibus
1159 2959 1259 3015 actum

248 3040 340 3100 fuisse
358 3041 393 3099 de
411 3039 639 3119 magistratibus
657 3059 817 3116 eorumque
835 3040 940 3100 habitu
958 3046 1060 3118 aperte
1078 3043 1257 3104 demonstre-

248 3131 311 3206 tur,
340 3129 456 3189 etiamsi
484 3129 560 3188 nihil
590 3127 671 3189 aliud
702 3128 739 3188 ab
769 3128 1013 3206 epitomatoribus
1043 3132 1188 3192 traditum
1217 3135 1258 3194 sit

247 3217 307 3278 uisi
329 3218 529 3294 compluribus
551 3219 624 3279 Iocis
642 3217 737 3277 latina
755 3218 985 3296 magIstratuum
1001 3221 1123 3279 nomina
1141 3241 1255 3282 eorum·

249 3326 306 3384 que
328 3307 424 3366 versio
453 3325 573 3385 graecu
604 3325 680 3384 quae
707 3306 876 3384 fragmenta
902 3307 940 3366 ad
966 3309 1146 3387 paragraphi
1173 3311 1255 3372 illius

248 3396 289 3455 37
315 3396 524 3455 auctoritatem
546 3395 591 3454 ita
618 3394 843 3473 exphcabimus,
869 3398 904 3454 ut
930 3397 1023 3456 artius
1045 3398 1100 3456 illa
1122 3399 1201 3458 iuter
1223 3401 1255 3460 s'e

247 3483 410 3544 cohaesisse
426 3482 577 3560 quondam
594 3501 744 3543 sumamus
764 3486 916 3561 tamquam
935 3505 950 3545 e
967 3485 1106 3546 continua
1125 3487 1253 3566 descrip-

245 3573 328 3632 tione
350 3590 449 3631 rerum
472 3591 491 3631 a
509 3571 609 3631 Numa
631 3571 778 3648 Pompilio
801 3572 1006 3634 institutarum
1025 3575 1151 3653 residua,
1174 3578 1252 3638 unde

246 3663 351 3721 auctor
374 3660 493 3738 saepius
517 3659 656 3737 delapsus
679 3664 724 3719 est
747 3661 785 3719 ad
806 3662 951 3722 vocabula
968 3664 1171 3725 Romanorum
1186 3668 1252 3726 tam

244 3749 357 3808 usitata
381 3766 470 3825 quarn
493 3749 639 3808 inusitata
661 3748 842 3826 explicanda.
879 3754 967 3829 atquo
984 3755 1114 3831 primum
1133 3754 1251 3831 quidem

244 3836 362 3897 Numae
381 3856 486 3897 nomen
507 3837 636 3897 occurrit
659 3834 677 3912 ξ
699 3839 747 3914 17,
771 3857 831 3915 qua
849 3837 885 3897 de
903 3859 979 3903 anno
998 3842 1152 3903 duodecim
1170 3863 1251 3904 men·
