3074 4598
339 483 383 549 26
549 543 557 556 ‚
690 481 833 567 Ιιιεειι
849 432 971 538 εοεαε

245 657 325 714 XYS
339 672 409 715 των
431 647 485 716 καὶ
508 646 671 734 μηδέποτε
693 643 906 730 λειπομένων.
942 644 997 712 καὶ
1019 655 1107 734 τρεῖς
1129 657 1257 734 πρῶται
1275 641 1348 711 κατ’

333 755 458 843 Ὀρφέα
480 754 719 839 έξεβλάστησαν
742 750 841 836 ἀρχαὶ
867 763 925 837 τῆς
947 753 1119 839 γενέσεως,
1146 751 1207 833 νὺξ
1229 751 1285 820 καὶ
1306 759 1350 837 μή

337 863 394 930 καὶ
418 863 574 947 οὐρανός,
602 864 694 923 θεῶν
716 852 754 921 δὲ
777 869 844 923 τῶν
866 858 903 925 ἐν
925 859 1052 944 γενέσει
1073 863 1149 947 τρία
1170 859 1266 946 γένη,
1293 859 1351 928 οὐ·

338 971 459 1055 ράνιον
480 962 535 1031 καὶ
558 962 707 1047 ἐπίγειον
733 960 789 1028 καὶ
816 964 854 1028 τὸ
881 965 1001 1049 μεταξὺ
1028 968 1164 1034 τούτων.
1209 971 1285 1054 τρία
1311 963 1351 1033 δὲ

237 1091 240 1097 ’
310 1073 394 1141 εκαὶ
417 1081 475 1156 τής
496 1078 604 1155 ψυχῆς
627 1070 667 1135 τδι
688 1069 886 1153 κυριώτατα,
909 1073 1045 1153 λογικὸν
1066 1074 1213 1158 θυμικὸν
1231 1072 1351 1140 ε’πιθυ-

336 1180 485 1265 μητικόν.
530 1181 607 1264 τρία
630 1172 667 1242 δὲ
694 1172 749 1240 καὶ
778 1184 841 1242 νοῦ
867 1176 939 1260 εἴδη
957 1174 1183 1264 Ἀριστοτέλης
1209 1183 1351 1268 παραδί-

337 1288 432 1369 δωσι,
455 1287 514 1350 τὸν
535 1284 665 1369 ὑλικόν,
688 1283 749 1349 τὸν
771 1280 848 1349 καθ’
871 1281 951 1367 ἕξιν,
973 1284 1033 1348 τὸν
1054 1286 1223 1373 θύραθεν·
1246 1286 1279 1367 έξ
1300 1282 1351 1354 διν

266 1404 324 1459 ΧΥ
336 1390 393 1457 καὶ
419 1402 508 1479 τρεῖς
535 1392 638 1476 ἰδέαι,
671 1391 773 1477 φύσις
799 1391 945 1476 μάθησις
971 1392 1115 1474 άσκησις.
1163 1391 1219 1459 καὶ
1247 1394 1349 1479 αὐτῆς

336 1493 375 1564 δέ
393 1507 451 1582 τῆς
468 1500 576 1564 πάντα
593 1499 753 1582 κινούσης
770 1507 931 1582 μουσικῆς
952 1499 1035 1563 κατά
1052 1498 1112 1563 τὸν
1132 1501 1350 1584 Θεόφραστον

297 1632 324 1673 ιο
337 1603 435 1690 τομαὶ
466 1616 569 1693 τρεῖς,
601 1606 689 1690 λύπη
720 1605 827 1689 ἡδονή
859 1603 1110 1690 ἐνθουσιασμός.
1169 1602 1254 1671 ἀλλὰ
1280 1606 1349 1690 μήν

334 1711 391 1778 καὶ
415 1713 564 1798 σώματος
586 1721 675 1797 τρεῖς
702 1712 737 1777 αἱ
764 1713 920 1796 κινήσεις,
943 1713 1032 1798 φορὰ
1053 1712 1155 1797 νόμος
1175 1713 1347 1799 πρόβασις.

334 1831 425 1907 τρεῖς
448 1815 557 1886 δὲκαὶ
576 1830 730 1907 σφαιρῶν
747 1819 783 1884 αλ
802 1817 989 1903 συστάσεις,
1011 1815 1150 1906 κέντρον
1168 1818 1347 1906 διάμετρον

334 1924 521 2012 περιφερές.
566 1937 655 2012 τρεῖς
677 1921 715 1991 δὲ
745 1922 800 1991 καὶ
823 1927 969 2010 κινήσεις
990 1936 1057 1991 τῶν
1079 1925 1241 2014 ἀστέρων,
1265 1950 1347 2015 προ-

333 2035 497 2120 ποδισμὸς
518 2034 747 2119 ὑποποδισμὸς
769 2033 967 2120 άιιροινυχία
1011 2045 1099 2121 τρεῖς
1126 2031 1163 2100 δὲ
1186 2034 1347 2120 σωμάτων

294 2164 321 2206 ιε
334 2141 510 2229 διαφοραί·
540 2142 581 2207 τά
604 2137 666 2227 μὲν
688 2141 752 2227 γάρ
776 2140 867 2207 ἐστιν
892 2139 1005 2225 ὑλικά,
1036 2143 1077 2207 τὰ
1103 2135 1142 2207 δέ
1168 2140 1277 2227 ἀέρια,
1304 2143 1346 2208 τὰ

334 2245 373 2314 δὲ
396 2247 549 2336 ἐμπόρια,
572 2250 618 2326 ὡς
641 2248 658 2319 ὸ
682 2248 850 2325 Χαλδαῖος
871 2248 1087 2334 παραδίδωσι.
1132 2250 1208 2335 τρία
1231 2243 1269 2313 δὲ
1290 2246 1346 2313 καὶ

334 2355 476 2422 ἑκάστου
510 2356 673 2440 κινήματα
709 2357 890 2439 σχήματος,
930 2354 1053 2430 πλάτος
1090 2353 1197 2438 βάθος
1233 2362 1345 2437 μῆκος.

333 2474 423 2548 τρεῖς
446 2460 484 2529 δὲ
505 2461 560 2528 καὶ
584 2463 617 2529 οἱ
639 2462 676 2528 τὸ
700 2461 862 2549 ζῳδιακὸν
883 2460 1007 2552 πλάτος
1031 2460 1194 2545 ὸριζοντες
1216 2460 1344 2545 κύκλοι,

332 2570 471 2655 θερινὸς
489 2572 654 2654 τροπικός,
668 2568 854 2655 χειμερινὸς
866 2569 1030 2653 τροπικός,
1046 2568 1242 2654 ἰσημερινός.
1269 2570 1346 2652 τρία

294 2701 320 2742 ιο
334 2673 372 2741 δὲ
394 2675 451 2741 καὶ
478 2677 518 2742 τὰ
544 2673 703 2761 ύπέργεια
729 2672 863 2759 κέντρα,
891 2671 1034 2757 άνατολή
1061 2674 1157 2751 δύσις
1182 2675 1345 2760 μεσουρά-

405 2820 467 2868 v.2
490 2812 562 2868 Abel
584 2814 695 2885 Fragm.
720 2811 743 2867 Ο
777 2811 843 2867 hica
866 2819 917 2867 145
1025 2818 1040 2865 6
1063 2810 1228 2867 Axistoteles
1252 2811 1286 2867 ef.
1304 2813 1346 2867 Rr

332 2903 359 2955 p.
376 2889 428 2939 303
436 2902 496 2954 sqq.
520 2882 598 2938 Diels
612 2883 762 2954 Doxograp
785 2883 848 2954 'gn
858 2884 952 2937 392123
1024 2881 1241 2954 9fragmentum
1254 2882 1344 2938 Theo·
1393 2913 1397 2920 ·

331 2954 443 3026 phrasti
476 2954 654 3010 referendum
690 2954 727 3008 ad
760 2953 919 3024 deperditos
952 2952 1011 3008 eius
1042 2952 1128 3008 libros
1160 2953 1195 3007 de
1227 2954 1342 3010 musica.

335 3033 368 3082 16
385 3026 422 3082 of.
442 3026 522 3082 Kroll
541 3025 587 3080 Or.
607 3024 704 3081 chald.
723 3044 750 3096 p.
771 3030 803 3079 31

404 3170 430 3206 v.
442 3159 456 3206 1
469 3148 510 3206 δτι
519 3156 653 3219 τρεῖς-8
664 3148 806 3220 &annones
861 3156 876 3202 2
890 3156 939 3218 τῆς
948 3146 1077 3219 γενέσεως
1085 3147 1225 3204 desuntx
1234 3150 1272 3224 ΧΙ
1280 3151 1344 3276 νὺξ]

333 3223 442 3286 νοῦςᾶ
498 3222 576 3295 δέν]
591 3220 673 3277 &uls
729 3217 883 3291 4έπέγειον
896 3220 969 3289 ΧΥ,
988 3221 1036 3275 καὶ
1050 3217 1212 3291 ἐπίηειονδ
1264 3228 1331 3276 ὅκα

332 3292 412 3349 omis,
432 3291 464 3363 S,
488 3295 535 3348 καὶ
553 3301 603 3363 τῆς
621 3292 699 3348 omis¹
718 3292 753 3361 Y,
777 3292 825 3346 καὶ
842 3293 941 3361 postea
960 3291 1024 3346 add.
1040 3291 1066 3347 G
1085 3293 1090 3362 Ι
1110 3292 1158 3347 καὶ
1176 3290 1343 3363 ἐπιθυμητι-

331 3365 384 3420 κὸν
403 3365 426 3421 S
495 3371 511 3420 6
526 3362 722 3432 παραδίδωσιν
736 3364 764 3419 Β
837 3369 851 3416 7
869 3362 920 3417 τὸν
937 3363 1032 3418 ὑλικὸν
1049 3362 1100 3418 τὸν
1112 3361 1211 3418 -τὸν
1228 3363 1292 3432 XS,
1310 3364 1342 3418 τὸ

332 3467 366 3478 -
381 3436 413 3491 τὸ
426 3436 507 3490 -τὸ
530 3436 583 3508 Y!
608 3431 648 3491 ὧν
670 3433 749 3490 omis.
773 3435 803 3489 D
891 3434 1009 3503 8φόσις
1026 3433 1140 3503 ἄσκησις
1161 3433 1276 3503 ἄσκησις
1297 3435 1341 3504 Μ,

332 3507 417 3575 φύσις
435 3506 550 3576 ἄσκησις
562 3506 686 3577 μάθησις
704 3523 773 3561 corr.
789 3504 877 3561 MzF
953 3511 968 3559 9
987 3513 1036 3575 τῆς
1048 3504 1127 3560 omis.
1141 3505 1172 3559 D
1187 3506 1192 3572 Ι
1207 3506 1344 3578 κιρνάσης

332 3579 365 3632 Χ
450 3583 484 3632 10
501 3577 568 3651 μὴν]
588 3575 638 3647 μὲν
652 3577 682 3632 D
763 3582 796 3631 18
815 3576 864 3630 καὶ
881 3575 991 3630 omis.D
1079 3581 1112 3629 13
1132 3593 1172 3645 sq.
1191 3577 1344 3647 προδισμδς

330 3647 486 3718 ὑποδισμός
500 3650 527 3704 Β
596 3655 629 3703 14
643 3644 781 3719 άκονυχία
792 3647 830 3717 D,
844 3647 891 3702 καὶ
905 3647 1017 3714 άκρυνυ
1035 3643 1065 3701 lu
1079 3646 1110 3702 F
1174 3652 1208 3701 16
1221 3646 1343 3717 παραδό-

332 3721 419 3776 δωσιν
441 3721 470 3775 Β
560 3726 592 3773 17
617 3717 767 3788 κινήματος
789 3717 926 3789 σχήματος
947 3717 1007 3772 XC
1043 3718 1084 3786 E,
1115 3717 1254 3786 κινήματα
1276 3718 1342 3846 σχή-

332 3811 419 3860 ματος
445 3791 550 3847 FGM
576 3793 581 3862 Ι
610 3799 697 3861 μῆκος
723 3789 815 3862 βάθος
841 3789 873 3844 Χ
974 3794 1007 3842 19
1032 3789 1185 3860 χειμερινὸς
1209 3809 1343 3857 τροπικς

332 3862 412 3918 omis.
427 3862 458 3918 X
543 3867 578 3919 20
598 3859 812 3933 μεσουράνισμα,
831 3877 898 3916 corr.
914 3881 984 3930 -ημιι
1002 3861 1038 3930 Ε,
1057 3858 1262 3930 μεσουράνιομα
1275 3862 1306 3916 D
1329 3916 1333 3925 ,
