3074 4598
601 507 710 562 LIBER
726 509 861 565 PRIMUS
1193 519 1234 586 15

174 686 215 741 Rr
223 686 245 753 Ι,
255 689 290 738 κο
314 670 366 736 30.
381 667 510 736 Ἐδόκει
528 665 591 754 μέν
609 667 722 752 μηκέτι
740 668 788 734 ἐπ’
810 669 943 758 άγορᾶς,
962 671 1033 740 ἀλλ’
1056 672 1093 740 έν
1105 683 1151 762 τῷ
1166 681 1236 744 Πα-
1248 692 1275 746 X

227 780 328 864 λατίμ
352 776 415 860 τὴν
437 776 564 862 βουλὴν
587 774 803 860 συνάγεσθαι,
825 779 886 862 τὴν
906 777 944 846 δὲ
961 780 1120 864 τοιαύτην
1137 781 1235 850 σύνο.

228 887 290 951 δον
312 883 496 967 κομβίντον
518 883 600 955 ἔθος
618 878 786 964 Ῥωμαίοις
807 889 934 970 καλεῖν,
957 885 1032 953 ἀντὶ
1056 895 1117 953 τοῦ
1140 889 1235 955 συνέ-

227 997 351 1057 λευσιν.
399 997 493 1072 σιγῆς
516 982 554 1052 δέ
576 995 648 1062 τοῖς
668 991 804 1064 πολλοῖς
830 991 1085 1078 βουλευομένοις
1107 993 1170 1059 δεῖ·
1200 994 1236 1061 ἐκ

226 1105 283 1180 τῆς
312 1093 389 1180 περὶ
419 1095 480 1178 την
509 1093 609 1177 σιγὴν
640 1092 785 1176 σπονδῆς
812 1129 854 1139 -
882 1097 1047 1166 σιλέντιον
1074 1097 1104 1165 δ’
1131 1100 1236 1185 αύτην
1261 1120 1284 1162 ε.

225 1205 372 1288 πατρίως
395 1206 556 1267 καλοῦσιν
578 1238 624 1247 -
647 1203 886 1286 σιλεντιαρίους
908 1204 1043 1287 ἔκριναν
1063 1206 1235 1292 ὀνομάζειν

226 1308 358 1385 αύτούς.
404 1309 538 1375 πάντων
560 1303 599 1372 δέ
624 1307 742 1391 σχεδὸν
764 1305 1011 1390 ἐναλλαγέντων
1033 1311 1174 1397 διέμεινε
1196 1316 1233 1381 τὸ
1346 1333 1348 1339 ·

226 1424 286 1482 τοῦ
310 1415 494 1502 λεγομένου
515 1418 702 1503 μαγίστρου
724 1417 922 1499 φρόντισμα·
946 1414 1096 1484 ἐπεύθετο
1119 1415 1156 1484 δὲ
1177 1422 1235 1486 αὐ-

226 1530 272 1612 τῷ
304 1522 397 1603 τάξις
429 1548 478 1602 τις
508 1523 715 1606 πεντήκοντα
744 1521 804 1587 τὸν
839 1520 986 1607 ἀριθμὸν
1017 1522 1165 1608 ἀνδρῶν,
1201 1529 1237 1590 οἳ

226 1632 489 1718 φρουμεντάριοι
506 1627 563 1696 καὶ
581 1632 760 1715 κουρίωσοι
778 1629 1075 1717 προσηγορεύοντο,
1094 1620 1168 1695 οἷον
1185 1648 1235 1697 σι-
1247 1657 1274 1697 ιο

224 1750 328 1805 τῶυαι
350 1737 407 1803 καὶ
428 1741 612 1823 περίεργοι·
635 1732 692 1801 καὶ
713 1737 745 1802 ολ
762 1731 824 1821 μὲν
847 1747 982 1802 σιτῶναι
1000 1746 1058 1822 τῆς
1075 1735 1234 1821 εὐθηνίας

224 1857 292 1911 τῶν
306 1843 344 1909 ἐν
358 1853 404 1932 τῷ
420 1846 577 1932 Παλατίῳ
592 1841 792 1928 ἀντείχοντο,
812 1843 845 1908 ολ
858 1839 895 1908 δὲ
908 1847 1077 1930 περίεργοι
1090 1843 1233 1927 ἡγοῦντο

224 1959 285 2018 τοῦ
309 1951 473 2034 δημοσίου
496 1951 635 2034 δρόμου.

181 2073 215 2122 2⁷
292 2056 345 2120 31.
368 2055 625 2139 Κλαβουλύριος
648 2052 854 2139 ὀχηματικός·
877 2057 1002 2141 κλάβον
1023 2059 1086 2143 γάρ
1109 2056 1168 2121 τὸν
1186 2064 1233 2124 οῖ-

224 2185 286 2228 ακα
307 2167 479 2227 καλοῦσιν.
1245 2189 1272 2231 1⁶

180 2284 213 2334 28
291 2269 343 2335 32.
368 2267 495 2352 Βήλωξ,
519 2264 608 2350 ὀξύς,
632 2264 670 2343 ὃς
690 2264 745 2332 καὶ
767 2267 999 2354 βεραιδαρικὸς
1021 2270 1068 2333 ἔτι
1090 2267 1145 2334 καὶ
1168 2279 1233 2335 νῦν

224 2373 363 2458 λέγεται.
409 2375 587 2461 βεραίδους
615 2370 654 2439 δὲ
672 2371 808 2450 Ἰταλοῖς
830 2367 916 2438 εἶναι
939 2375 1031 2441 δοκεῖ
1051 2377 1129 2452 τοὺς
1151 2375 1232 2442 ὑπο-

223 2484 358 2563 ζυγίους
376 2481 498 2558 ’ίππους
515 2527 592 2545 ....
611 2479 692 2565 ὅπερ
710 2477 809 2563 έστίν,
828 2476 937 2544 ἕλκειν
954 2480 991 2546 τὸ
1008 2482 1125 2566 ὄχημα·
1148 2482 1231 2549 ὅθεν

223 2583 278 2652 καὶ
302 2586 488 2653 δασύνουσι
510 2585 698 2671 γράφοντες
719 2586 755 2651 τὸ
780 2585 896 2671 ραίδας
918 2587 1022 2671 ὄνομα
1043 2586 1078 2653 ἐκ
1096 2596 1156 2654 τοῦ
1174 2589 1232 2676 ρη-

222 2695 303 2769 δίως
327 2692 546 2781 έπιρρηματος
568 2690 794 2779 παρηγμένον·
817 2692 850 2758 ολ
871 2691 935 2777 γὰρ
957 2695 1133 2778 βεραίδους
1152 2697 1231 2773 τοὺς
1244 2723 1270 2763 ιο

223 2800 340 2886 ῥαίδας
365 2799 456 2878 ε’κτὸς
478 2799 633 2883 λέγοντες
656 2800 784 2885 σφόδρα
805 2803 1004 2865 πλανῶνται.

178 2923 213 2972 29
291 2908 343 2973 33.
362 2905 608 2992 Ἀντικουάριοι
629 2907 661 2971 ολ
679 2904 930 2989 κατὰἝλληνας
947 2907 1175 2993 καλλιγράφοι.

177 3029 213 3078 30
289 3013 342 3080 34.
361 3012 398 3077 ‘0
420 3011 457 3079 δὲ
474 3016 616 3098 Νουμᾶς
639 3007 734 3090 οὗτος
755 3014 969 3100 βαρβαρικοῖς
986 3014 1229 3101 ταραττομένην

293 3256 318 3292 v.
341 3246 355 3292 1
386 3237 529 3295 ἐδόκει-
554 3245 570 3293 6
595 3237 741 3306 ὀνομάζειν
775 3237 877 3300 αύτούς
906 3237 1071 3294 Lambecius
1102 3238 1132 3292 in
1161 3238 1227 3296 eod.

221 3329 248 3381 p.
268 3314 320 3364 208
338 3317 466 3366 nro.164
483 3309 556 3364 falso
574 3307 683 3379 profert
699 3311 731 3363 οῖ
749 3309 794 3362 ‘ex
807 3307 864 3363 Ioh.
878 3307 951 3377 Lydi
968 3309 1040 3364 libro
1058 3310 1121 3377 περὶ
1135 3308 1228 3381 ἀργῶν

221 3382 383 3437 πολιτικῶν’
404 3382 564 3451 desumpta3
583 3379 661 3433 idem
678 3379 746 3434 facit
762 3378 924 3450 Duoangius
939 3398 959 3435 ε.
974 3398 999 3436 v.
1018 3379 1226 3455 σιλεντιύριος.Ι

222 3451 268 3506 ἐπὶ
286 3449 394 3522 ἀγορᾶς
410 3452 507 3507 Lamb.
594 3455 611 3504 3
634 3448 796 3523 κομβέντιον
814 3449 842 3504 Β
926 3457 943 3506 4
962 3452 1017 3506 δεῖ·
1036 3450 1084 3506 διὰ
1096 3460 1177 3507 τοῦτο
1196 3453 1227 3508 ἐκ

221 3530 270 3592 τῆς
281 3522 380 3578 Lamb.
450 3520 650 3578 7δδοιυίε.Β
719 3517 1061 3594 8μαγίστρου]ίστρουΒ
1132 3529 1227 3579 1οκο-

221 3594 328 3663 ριόσιοι
346 3594 380 3648 Χ
397 3611 464 3650 corr.
483 3591 649 3664 Ducangius
668 3610 688 3647 s.
702 3611 726 3647 v.
741 3590 957 3662 φρουμεντάριοι
1029 3599 1061 3647 16
1079 3589 1157 3665 βέλοξ
1175 3595 1204 3650 Β
1220 3596 1224 3668 λ

221 3665 272 3754 ἔτι]
291 3664 348 3718 ἔστι
366 3665 395 3719 Β
489 3669 522 3719 18
546 3663 651 3718 desunt
674 3663 820 3732 nonnulla,
846 3661 923 3718 veluss
944 3663 1022 3733 παρὰ
1043 3672 1092 3719 τοῦ
1115 3665 1226 3736 βερραι-

221 3738 314 3791 δευειν
327 3735 440 3790 Ηεείυε.
460 3735 494 3791 cf.
507 3734 578 3805 Lyd.
594 3735 630 3790 de
643 3751 715 3806 mag.
730 3734 813 3802 HL61
834 3731 981 3806 βεραίδους
998 3736 1099 3798 αύτούς
1117 3735 1144 3789 οἱ
1158 3756 1226 3805 κρα-

219 3815 333 3869 τοῦντες
357 3806 519 3877 ὠνόμασαν,
548 3807 597 3861 καὶ
624 3805 676 3876 τὴν
698 3803 791 3862 αἰτίαν
813 3804 844 3861 έν
865 3814 924 3868 τοῖς
945 3807 1009 3874 περὶ
1030 3815 1125 3876 μηνῶν
1147 3806 1226 3876 ἴσμεν

221 3875 404 3947 ἀποθέμενοι.
476 3883 510 3932 23
529 3877 545 3933 δ
565 3876 596 3932 δὲ
616 3879 731 3951 νουμᾱς]
749 3876 780 3932 δὲ
798 3875 877 3932 omis.
894 3878 923 3931 A
