3074 4598
250 513 294 578 20
634 507 743 562 1111111
760 507 881 562 ALTER

143 675 449 761 ΧΥΗΡθλόνον,’
431 675 495 777 από
522 673 725 756 μεσημβρίας
746 672 808 756 τὴν
830 672 936 758 ἀρχὴν
958 681 1015 756 τῆς
1037 669 1159 760 ἡμέρας
1182 677 1264 755 λαμ-

252 784 430 870 βάνουσιν,
459 770 520 855 ἕως
541 776 645 842 πόλιν
668 785 726 860 τῆς
753 779 854 863 ἄλλης
880 782 1083 865 μεσημβρίας
1108 782 1189 865 μίαν
1210 773 1264 843 λέ-

252 913 368 975 γοντες
390 883 526 972 ἡμέραν,
555 883 664 968 ὥσπερ
686 880 743 948 καὶ
766 885 799 949 οἱ
821 883 1018 971 ἀστρολόγοι
1041 883 1094 951 ἐπὶ
1115 896 1187 963 ταῖς
1209 907 1263 968 γε·

210 1007 238 1060 Η
252 997 392 1065 νέσεσιν.
441 989 617 1075 Ἀθηναῖοι
653 983 691 1054 66
720 986 777 1054 καὶ
811 991 907 1057 αὐτοὶ
942 991 1006 1059 ἀπὸ
1044 993 1180 1077 δυσμῶν
1215 992 1263 1068 είς

183 1112 236 1166 ΗΡ
252 1102 380 1186 δυσμὰς
399 1101 508 1183 ὥσπερ
525 1095 582 1164 καί
597 1097 629 1163 ολ
644 1093 801 1180 Ἑβραῖοι,
821 1095 970 1182 Ῥωμαῖοι
989 1094 1026 1165 δὲ
1043 1100 1080 1164 τὸ
1098 1095 1160 1184 μὲν
1172 1108 1263 1183 πρῶ-

224 1226 311 1273 οτον
340 1210 396 1269 ίσα
425 1214 496 1280 τοῖς
525 1205 756 1288 Βαβυλωνίοις
783 1200 866 1266 κατὰ
891 1203 954 1267 τὸν
982 1205 1127 1288 φυσικὸν
1155 1207 1262 1290 νόμον

250 1310 306 1378 καὶ
320 1310 415 1378 αὐτοὶ
433 1312 495 1395 τὴν
511 1310 638 1399 ἡμέραν
654 1312 762 1395 μόνην
780 1306 845 1373 ἀπὸ
865 1304 1036 1376 ἀνατολῶν
1053 1311 1150 1395 ἡλίου
1164 1310 1262 1398 μέχρι

251 1421 388 1505 δυσμῶν
410 1415 536 1506 ἡμέραν
558 1419 730 1504 ὡρίζοντο,
758 1416 820 1501 τὴν
841 1415 946 1480 νύκτα
967 1413 1072 1500 μηδὲν
1094 1421 1261 1503 λογιζόμε-

165 1581 167 1584 <
250 1547 318 1594 νοι·
345 1526 488 1614 ὕστερον
515 1521 552 1591 δὲ
579 1523 643 1590 ἀπὸ
670 1522 771 1608 μέσης
797 1521 918 1600 νυκτὸς
943 1523 1050 1607 ἤγουν
1075 1531 1132 1606 τῆς
1159 1522 1261 1609 ἀρχῆς

211 1651 237 1691 1⁰
250 1643 308 1719 τῆς
340 1631 483 1718 ἑβδόμης
512 1632 599 1718 ὥρας
634 1630 736 1713 αὐτῆς
770 1625 825 1694 καί
857 1627 919 1705 ἕως
949 1627 1049 1714 μέσης
1075 1629 1176 1694 πόλιν
1203 1637 1261 1711 τὴς

251 1740 408 1823 ἐπιούσης
429 1737 550 1814 νυκτὸς
573 1735 745 1802 ἐτόπωσαν
767 1735 828 1818 τὴν
850 1732 975 1822 ἡμέραν
992 1733 1047 1800 καὶ
1066 1737 1259 1820 νομίζεσθαι

249 1842 305 1911 καὶ
327 1844 557 1930 ὀνομάζεσθαι.

208 1997 233 2053 Χ
315 1988 345 2053 3.
374 1987 510 2064 Πάντας
532 1987 611 2063 τοὺς
634 1985 785 2070 ῥυθμοὺς
805 1983 840 2050 ἐκ
858 1993 915 2070 τὴς
937 1997 1005 2052 τῶν
1025 1986 1313 2071 πλανὴτωνΒεΠ,2

249 2095 411 2177 ιιινὴσεως
433 2088 520 2160 εἶναι
544 2095 732 2178 συμβαίνει·
755 2091 773 2158 6
797 2087 859 2176 μὲν
881 2093 944 2178 γὰρ
966 2095 1099 2180 Κρόνος
1120 2101 1166 2182 τῷ
1184 2099 1261 2159 Δω-

210 2229 236 2270 ιι
251 2204 323 2289 ρίρι,
347 2200 365 2265 6
389 2197 427 2266 δὲ
447 2202 532 2278 Ζεὺς
554 2208 601 2288 τῷ
622 2202 770 2288 Φρυγίῳ,
793 2198 811 2264 6
835 2196 865 2264 θ’
879 2197 980 2285 ’Ἁρης
1002 2207 1048 2287 τῷ
1067 2200 1182 2288 Λνόίρι
1204 2197 1261 2265 καὶ

188 2385 193 2396 ¹
249 2308 282 2373 οἱ
303 2305 415 2373 λοιποὶ
433 2317 504 2384 τοῖς
527 2312 656 2385 λοιποῖς
679 2315 851 2373 κινοῦνται
873 2306 956 2372 κατὰ
973 2306 1032 2371 τὸν
1050 2308 1260 2392 Πυθαγόραν

171 2463 175 2473 .
237 2415 332 2500 πρὸς
354 2414 414 2479 τὸν
436 2409 520 2499 ἡχον
541 2425 609 2479 τῶν
630 2412 843 2498 φωνηέντων·
867 2412 885 2479 6
903 2409 965 2498 μὲν
982 2414 1044 2497 μὰρ
1060 2410 1182 2496 Ἑρμοῦ
1200 2411 1261 2476 τὸν

249 2528 285 2605 α,
313 2520 331 2585 6
355 2517 385 2584 δ’
408 2519 607 2605 Ἀφροδίτης
633 2520 693 2585 τὸν
714 2526 746 2604 ἒ,
774 2519 792 2584 6
820 2517 987 2596 δ’Ἥλιος
1013 2518 1073 2583 τὸν
1098 2525 1133 2601 η,
1161 2516 1258 2584 καὶὸ

248 2622 310 2711 μὲν
344 2635 406 2691 τοῦ
438 2628 574 2711 Κρόνου
610 2626 670 2689 τὸν
704 2627 733 2708 ἱ,
770 2624 789 2690 6
826 2621 865 2690 66
898 2634 958 2690 τοῦ
985 2623 1102 2710 ’Ἀρεος
1136 2625 1196 2690 τὸν
1228 2632 1258 2709 ὅ,

209 2729 304 2802 ιοααὶ
327 2735 459 2816 Σελήνη
482 2731 542 2794 τὸν
563 2740 600 2813 ῦ,
634 2730 652 2794 ό
675 2754 713 2813 γε
735 2732 802 2814 μὴν
823 2740 883 2796 τοῦ
905 2731 989 2809 Διὸς
1015 2729 1117 2815 ἀστὴρ
1144 2732 1204 2795 τὸν
1232 2738 1258 2795 03

250 2836 384 2922 ῥυθμὸν
407 2835 639 2901 ἀποτελοῦσιν·
662 2833 680 2900 6
704 2831 742 2900 δὲ
766 2830 844 2920 ἡχος
866 2847 933 2901 τῶν
951 2837 1091 2920 ῥυθμῶν
1110 2837 1154 2912 ὡς
1172 2836 1257 2922 ἡμᾶς

249 2942 311 3008 οὐκ
332 2941 520 3025 ἀφικνεῖται
542 2942 598 3006 διὰ
620 2940 682 3022 τὴν
704 2939 894 3005 ἀπόστασιν.
1294 2931 1298 2938 ’

320 3256 344 3293 V.
365 3237 457 3292 Ῑᾶπό
480 3239 585 3308 μεσημβ
568 3234 634 3308 βρία
615 3258 649 3300 ας
670 3237 710 3301 είς
728 3253 794 3307 μεση
834 3235 898 3305 ρίαν
921 3237 971 3307 (είς
979 3239 1093 3319 μεσημβ
1094 3236 1158 3306 ρίαν
1177 3239 1256 3296 omis.

255 3308 337 3372 Y)
308 3329 360 3379 την
374 3306 463 3378 ἡμέρα
464 3329 481 3363 ν
495 3307 655 3381 ἔλαβονθὴ
638 3306 796 3378 ἡνὴμέραν
828 3310 914 3434 ἔον
932 3308 1008 3363 omis.
1029 3309 1063 3380 S)
1082 3309 1114 3364 Χ
1120 3310 1180 3379 Ys
1200 3309 1256 3366 ἀπὸ

250 3378 333 3450 μέσης
355 3378 396 3442 είς
415 3376 501 3448 μέσην
519 3379 589 3469 ἔλαβ
570 3377 695 3451 βοντὴν
660 3375 823 3503 ἡὴμίραν
957 3377 1155 3505 Βλέγοντεςάἡ
1136 3354 1226 3450 ἡμέρα
1207 3401 1256 3438 αν·

268 3459 393 3576 ωμοιίοι
387 3448 419 3504 δὲ
433 3450 534 3519 Pla»
483 3449 646 3519 Ιῶσπερ-
660 3446 813 3521 4ηενέι
757 3466 831 3504 σεοιν
854 3449 931 3504 omis.
945 3451 1009 3505 XP
1077 3458 1094 3506 λ
1117 3452 1257 3522 ἀθηναλοι

376 3517 495 3645 ρῐωμαῐοί
517 3539 548 3592 με
570 3520 626 3610 μὴν
643 3519 675 3575 τὸ
697 3522 764 3588 πρίν
786 3519 857 3575 κατὰ
880 3522 929 3577 τὸν
951 3522 1071 3591 φυσικὸν
1093 3521 1181 3591 νόμον
1205 3523 1257 3594 τὴν

250 3520 409 3717 66:66an
394 3541 496 3645 ωασοον
522 3590 589 3646 ἀπὸ
603 3590 745 3647 ανατολῶν
767 3589 847 3660 ἡλίου
869 3589 920 3654 ἕως
941 3593 1064 3662 δυσμῶν,
1091 3591 1257 3663 ὕστερονδὲ

292 3662 308 3717 6
333 3659 417 3732 μέσης
440 3661 539 3724 νυκτός
559 3662 599 3723 είς
624 3659 709 3732 μένην
734 3662 820 3717 νόιιτα
842 3660 1002 3732 ἠρίθμησαν
1023 3664 1060 3718 Η
1144 3672 1160 3720 6
1184 3665 1256 3721 κατὰ

250 3733 300 3789 τὸν
316 3731 437 3802 φυσικὸν
454 3729 541 3799 νόμον
550 3749 628 3786 011118
648 3732 676 3785 Ρ
737 3738 770 3786 10
785 3730 974 3805 ἕωςτὴςμέση
977 3735 1032 3797 ςΡ
1092 3741 1125 3790 16
1139 3746 1256 3792 ανοῦται

200 3824 204 3829 ·
250 3805 277 3859 A
312 3753 526 3859 ιιοιοῦνταιΔι
607 3803 736 3871 18τὸᾶ,
753 3756 1035 3874 τόεῐιΙλΒ,τὸα
1036 3806 1151 3876 ,,τὸνε
1169 3808 1256 3863 τὸνο

251 3845 311 3930 roh.
329 3874 367 3944 A,
384 3873 416 3928 τὸ
435 3882 449 3927 1
468 3871 527 3927 relL
547 3889 616 3928 corr.
633 3874 683 3929 Au
