3074 4598
631 485 743 540 οωυε
759 483 879 542 υμνοι
1215 488 1258 555 33

270 657 365 721 ἵλαθι
383 648 495 736 κύδιμ’
514 646 647 736 άριθμέ,
668 647 772 733 πάτερ
791 651 957 736 μακάρων,
975 651 1076 735 πάτερ
1094 649 1236 736 ἀνδρῶν.
1272 662 1298 717 X

195 794 369 875 RrII‚1112.
397 794 466 877 Τήν
494 789 639 877 ἑβδόμην
664 785 793 873 ἡμέραν
815 792 994 874 Αἰγύπτιοι
1016 789 1078 878 μὲν
1099 787 1154 856 καὶ
1172 795 1259 859 Χαλ-
1273 804 1335 860 ΧΥ

248 905 338 970 όαῑοι
355 906 597 986 προσφωνοῦσι
617 897 792 978 Φαίνοντι,
815 895 900 962 οὕτω
923 897 992 964 κατ’
1019 898 1140 974 αὐτοὺς
1157 917 1259 985 προσ-

248 1003 480 1093 αγορευομένῳ
518 999 630 1087 ἀστέρι
661 1008 710 1089 τῷ
737 1001 871 1067 πάντων
908 1002 1078 1095 ἀνωτάτω,
1116 1006 1258 1091 ψύχοντι

247 1102 356 1198 άκρως
373 1108 430 1177 καὶ
451 1119 621 1195 προσεχῶς
638 1106 842 1194 ξηραίνοντι,
863 1111 999 1194 Κρόνον
1017 1109 1052 1178 θλ
1070 1111 1258 1180 αότὸνἝλ-
1285 1129 1298 1171 ⁵

247 1227 346 1303 λησιν
368 1219 449 1294 ἔθος
471 1220 587 1282 καλεῖν
607 1215 691 1282 κατὰ
713 1209 777 1299 μὲν
798 1218 991 1299 θεολογίαν,
1018 1219 1110 1284 κατὰ·
1126 1214 1164 1283 δὲ
1186 1217 1258 1286 έτυ-

246 1327 410 1411 μολογίαν
428 1325 567 1410 όιακορή
585 1332 681 1406 νοῦν,
704 1318 809 1387 οἱονεὶ
826 1323 935 1406 πλήρη
953 1319 1008 1386 καὶ
1026 1326 1146 1407 μεστὸν
1164 1325 1257 1413 ἐτῶν,

245 1429 322 1498 ἀντὶ
346 1441 407 1498 τοῦ
430 1433 653 1517 Μακραόωνα,
682 1429 728 1505 ὡς
751 1433 886 1513 εἴρηται.
932 1428 1024 1510 οἵγε
1049 1431 1115 1514 μήν
1138 1436 1257 1499 Πυθα-
1270 1444 1351 1501 XYS

246 1541 374 1626 γόρειοι
396 1546 443 1629 τῷ
465 1539 603 1624 ἡγεμόνι
622 1544 684 1601 τοῦ
702 1535 826 1611 παντὸς
843 1534 905 1619 τήν
924 1533 1067 1621 ἑβδόμην
1084 1534 1259 1605 ἀνατίθετε·

245 1670 312 1733 ται,
334 1644 485 1713 τουτέστι
503 1654 550 1733 τῷ
568 1647 629 1727 ε’νί,
650 1639 708 1707 καὶ
722 1642 848 1727 μάρτυς
864 1639 1004 1727 Ὀρφεὺς
1018 1640 1123 1726 λέγων
1141 1644 1257 1724 οὕτως·
1271 1675 1299 1715 ιο

323 1806 459 1891 ἑβδόμη,
480 1805 524 1888 ήν
547 1803 706 1890 ἐφίλησεν
729 1800 811 1881 άναξ
833 1798 988 1887 ἑκάεργος
1005 1801 1184 1872 Ἀπόλλων

239 1952 435 2032 Ἀπόλλωνα
453 1960 492 2030 δέ
509 1974 674 2049 μυστικῶς
691 1964 753 2029 τὸν
771 1961 829 2028 ἕνα
842 1962 1001 2046 λέγεσθαι
1017 1969 1258 2054 προειρήκαμεν

245 2071 304 2136 διὰ
329 2070 367 2136 τὸ
397 2072 536 2135 ἄπωθεν
565 2063 650 2134 εἶναι
682 2080 751 2134 τῶν
782 2075 929 2152 πολλῶν,
960 2068 1110 2137 τουτέστι
1141 2076 1256 2158 μόνον.

245 2177 359 2262 ὀρθῶς
390 2170 454 2243 οὖν
485 2174 633 2260 άμήτορα
663 2175 725 2240 τὸν
757 2172 837 2240 ἑπτά
868 2174 1017 2260 ἀριθμὸν
1042 2177 1060 2242 ὁ
1092 2181 1258 2259 Φιλόλαος

245 2284 504 2370 προσηγόρευσε,
527 2284 628 2366 μόνος
650 2280 715 2365 γὰρ
740 2281 817 2346 οὔτε
838 2290 962 2363 γεννᾶν
980 2282 1055 2348 οὔτε
1072 2291 1256 2365 γεννᾶσθαι
1269 2313 1296 2354 ιι

245 2388 385 2475 πέφυκε·
408 2389 447 2455 τὸ
467 2384 504 2454 δὲ
518 2390 598 2473 μήτε
615 2398 747 2472 γεννῶν
765 2389 844 2471 μήτε
862 2388 1071 2473 γεννώμενον
1088 2387 1257 2475 ἀκίνητον·
1299 2403 1301 2408 ’

248 2495 287 2560 ἐν
307 2496 436 2577 κινήσει
459 2495 523 2580 γάρ
548 2493 569 2578 ή
592 2491 763 2578 γέννησις,
790 2493 826 2559 τὸ
848 2491 924 2577 μέν,
951 2493 1007 2559 ἴνα
1026 2499 1184 2582 γεννήση,
1215 2500 1253 2565 τὸ
1267 2511 1317 2567 XS

244 2598 298 2684 όέ,
328 2599 384 2665 ἵνα
411 2606 573 2687 γεννηθῇ
602 2608 757 2676 τοιοῦτος
780 2595 817 2664 δέ
838 2597 857 2664 ό
878 2602 975 2685 θεός,
1001 2601 1045 2678 ὡς
1072 2600 1126 2668 καὶ
1154 2604 1254 2683 αὐτὸς

315 2828 339 2866 v.
355 2816 371 2863 1
390 2810 463 2865 Abel
480 2809 574 2882 Frgm.
593 2809 677 2881 Orph
698 2815 752 2865 147
824 2815 857 2864 10
875 2809 947 2865 Abel
960 2810 1052 2882 Frgm.
1071 2810 1156 2883 Orph.
1176 2818 1227 2869 148

315 3024 339 3060 v.
360 3011 374 3059 1
399 3002 544 3076 μακαρίων
567 3006 610 3076 Χ,
637 3005 772 3075 μακάρων
794 3006 847 3062 Sch
952 3012 968 3060 2
990 3004 1095 3077 ἡμέραν
1122 3008 1200 3065 omis,
1227 3010 1258 3065 Y

243 3081 260 3130 3
279 3074 367 3138 οὕτως
390 3077 423 3133 Χ
508 3083 527 3131 4
548 3082 586 3149 τῷ
608 3076 736 3150 πάντων]
759 3087 815 3132 τῶν
835 3074 949 3132 πάντων
971 3078 1000 3132 Υ
1084 3085 1100 3133 5
1120 3078 1205 3148 ἄκρος
1226 3082 1254 3136 Α

244 3153 260 3201 6
279 3145 432 3217 θεολογίαν
449 3144 497 3202 οἷα
516 3149 633 3218 θιακορή
653 3157 723 3203 νοῦν
741 3148 889 3218 (διακονήν
907 3145 958 3202 οὖν
976 3148 1005 3202 Β
1026 3157 1092 3219 -ρήν
1115 3146 1166 3205 οὖν
1184 3168 1252 3208 corr.

243 3218 285 3284 Β,
308 3220 447 3288 διακορήν
469 3213 521 3272 οὖν
539 3218 567 3273 Α
589 3226 657 3288 -νήν
679 3215 733 3274 οὖν
750 3220 793 3291 Α,
813 3221 913 3308 ηομερ.)
935 3217 1007 3273 κατὰ
1024 3219 1056 3275 δὲ
1074 3219 1254 3292 ἐτνμολογέαν

242 3285 332 3343 οἱονεί
346 3289 437 3352 codd,
457 3305 525 3344 corr.
539 3289 592 3345 δελ
663 3293 680 3342 8
699 3289 765 3344 ἀντὶ
783 3309 946 3358 μακραιωνοι
964 3291 1001 3352 ὡς
1013 3289 1120 3360 εἴρηται
1133 3292 1171 3362 Χ,
1190 3291 1253 3348 ἀντὶ

242 3366 292 3413 τοῦ
311 3358 477 3429 μακραίωνα
499 3358 529 3412 Υ
545 3363 549 3428 Ι
570 3357 585 3413 ό
603 3359 656 3429 γάρ
675 3357 795 3431 ἕβδομος
812 3359 933 3429 ἀριθμὸς
949 3357 1028 3430 ήλλον
1046 3360 1130 3418 ἐστίν·
1155 3362 1182 3418 οἱ
1199 3362 1252 3433 γὰρ

243 3426 431 3501 πυθαγόρειοι
444 3447 520 3499 -p.
534 3435 612 3498 34,b
635 3429 773 3499 ἐμφανῶν
794 3431 911 3487 θεῶνιὸΙ
998 3437 1031 3486 10
1048 3431 1152 3502 μάρτυς
1174 3432 1252 3491 omis.
1326 3474 1328 3476 v

243 3499 302 3556 XS
332 3502 341 3591 Ι
371 3499 386 3554 ὁ
408 3500 554 3569 όρφεὺςδ
658 3508 691 3556 12
710 3499 866 3557 Ἀπόλλωνα
883 3535 919 3544 -
939 3508 972 3556 13
990 3500 1077 3572 μόνον
1100 3504 1201 3560 desunt
1227 3507 1256 3562 Υ

244 3576 278 3626 18
298 3574 347 3627 όια
360 3569 499 3640 -μόνον
518 3570 633 3629 omis.S
704 3579 739 3627 14
757 3573 899 3643 ἀκμήτοροι
917 3574 946 3627 Β
1017 3582 1049 3629 16
1068 3573 1253 3632 ουδὲ-οὐδὲ

242 3641 298 3697 As
367 3648 402 3698 16
421 3638 542 3713 πέφυκε·
561 3641 593 3697 τὸ
611 3641 643 3698 δὲ
660 3652 791 3699 τοιοῦτον
809 3642 942 3715 ἀκίνητον
960 3644 990 3699 Υ
1057 3650 1090 3698 17
1109 3642 1250 3717 γέννησις·
1313 3709 1318 3722 .

243 3713 340 3783 ἐπειδὴ
355 3713 449 3769 καὶτὸ
468 3724 575 3784 γεννῶν
588 3714 681 3770 καὶτὸ
701 3716 875 3786 γεννώμενον
893 3715 944 3771 οὐκ
959 3714 1026 3771 ἄνευ
1043 3716 1175 3785 κινήσεώς
1187 3717 1251 3774 ἐστι.

242 3785 273 3840 τὸ
293 3783 343 3854 μὲν
362 3782 410 3840 ἴνα
425 3784 464 3854 Χ,
483 3782 617 3856 ἀκίνητον
634 3783 745 3855 πέφυκε
757 3794 896 3851 -τοιοῦτος
914 3785 946 3841 δὲ
964 3785 979 3841 ό
997 3784 1076 3851 θεός·
1096 3789 1165 3858 φησὶ
1183 3797 1250 3860 γοῦν

242 3855 291 3911 καὶ
309 3854 417 3925 ὀνήτωρ
437 3856 477 3929 ΕΙ
493 3856 525 3911 τὸ
543 3855 594 3927 μὲν
607 3889 641 3898 -
654 3876 682 3928 p.
697 3863 771 3926 84,3
790 3855 884 3928 ὅμοιος
902 3857 1003 3912 desunt
1024 3858 1054 3913 Υ

294 3955 378 3998 Lms
392 3955 428 3997 ed.
442 3955 591 3998 Wuenuch.
1076 3952 1092 4002 3
