3074 4598
616 533 726 590 LIBER
744 534 899 591 TERTIUS
1215 547 1259 611 43
1355 528 1357 534 '

200 764 202 767 ,
243 706 381 794 ἀφιέναι
405 705 532 787 φωνήν.
574 701 710 783 μεγίστη
733 697 797 781 γάρ
820 697 840 782 ἡ
865 700 1006 784 δύναμις
1028 709 1085 784 της
1108 697 1258 782 ἕπτάδος·
1271 718 1331 774 XY

243 815 349 898 όγάρ
377 807 449 875 κατ’
473 807 579 889 αὐτὴν
610 803 755 889 ἀριθμὸς
782 803 902 890 άμιγης
934 805 1003 872 ἐστι
1034 804 1088 871 καί
1116 805 1258 895 ἀμήτωρ,
1272 823 1298 876 X

240 922 324 1006 μήτε
345 927 475 1000 γεννῶν
497 915 579 998 μήτε
601 909 823 993 γεννώμενος,
847 910 891 987 ὡς
913 910 1048 990 ἕκαστος
1070 923 1138 978 τῶν
1161 912 1198 979 ἐν
1218 925 1257 1000 τῇ

241 1025 359 1090 δεκάδι
377 1021 542 1107 ἀριθμῶν.
579 1016 663 1082 ὅθεν
680 1012 735 1080 καὶ
755 1015 788 1080 οἱ
806 1018 1037 1103 Πυθαγόρειοι
1054 1017 1182 1106 Ἀθηνᾷ
1198 1020 1259 1104 τὴν
1271 1033 1353 1092 XYS

244 1128 367 1196 ἑπτάδα
390 1127 620 1192 ἀνατίθενται·
649 1132 688 1210 τῇ
716 1122 780 1208 γάρ
807 1124 951 1211 περιόδῳ
980 1122 1062 1208 φασὶ
1084 1134 1142 1209 της
1164 1123 1257 1211 ἑβδο-
1284 1152 1297 1192 s

239 1237 347 1322 μάδος
381 1233 491 1299 πάντα
527 1229 681 1297 ἀθάνατα
716 1228 918 1307 διασώζεται.
976 1228 1032 1295 καὶ
1067 1233 1124 1298 διά
1157 1243 1256 1300 τοῦτο
1269 1246 1328 1304 XY

238 1346 404 1407 καλοῦσιν
435 1340 541 1423 αύτην
572 1335 746 1424 παρθένον
778 1335 1042 1422 ὀβριμοπάτραν,
1079 1340 1165 1404 διότι
1200 1351 1258 1426 της

238 1447 388 1532 μονάδος
409 1456 467 1532 τῆς
487 1446 598 1511 πάντα
619 1442 837 1529 περιεχούσης
864 1439 920 1507 καλ
947 1441 1178 1529 ὑποστησάσης
1198 1450 1257 1533 μό-

238 1578 302 1638 νης
325 1552 394 1620 ἐστὶ
416 1554 580 1639 γέννημα·
610 1553 700 1617 αλτία
722 1552 786 1636 γὰρ
810 1548 945 1615 πάντων
967 1548 988 1634 ἡ
1011 1550 1122 1635 μονάς.
1168 1552 1257 1636 λέγε·

238 1686 295 1727 ται
318 1657 356 1728 δὲ
381 1660 437 1727 καὶ
463 1663 574 1748 κρίσις
601 1659 658 1725 διά
689 1657 727 1723 τὸ
757 1664 803 1746 τῷ
835 1657 956 1742 ταύτης
987 1656 1120 1746 ἀριθμῶ
1150 1659 1257 1724 πάντα
1269 1686 1297 1726 10

240 1767 424 1855 λαμβάνειν
445 1769 507 1853 την
530 1764 584 1833 ἐπὶ
607 1765 755 1851 θάτερον
777 1766 922 1850 ἔκβασιν.
954 1762 1129 1831 καὶτοῦτο
1153 1766 1256 1851 δῆλον

240 1874 277 1941 ἐκ
308 1885 366 1960 τῆς
396 1879 579 1958 καθολικῆς
611 1884 679 1938 τῶν
705 1870 897 1955 ἀνθρώπων
928 1871 1071 1955 ἡλικίας·
1107 1869 1161 1938 ἐπὶ
1192 1875 1255 1961 γάρ

184 1983 188 1990 ’
239 1988 301 2045 τοῦ
324 1978 503 2064 ἑξηκοστοῦ
526 1983 642 2066 τρίτου
670 1977 827 2043 ἐνιαυτοῦ
851 2015 893 2025 -
917 1975 998 2044 ἑπτά
1025 1975 1063 2044 δὲ
1090 1978 1256 2048 ἕννεάδων

240 2083 309 2151 ἐστὶ
328 2087 520 2162 συνεκτικός
540 2122 582 2131 -
601 2085 621 2167 η
640 2082 769 2166 γένεσις
791 2086 949 2169 κρίνεται,
972 2094 1032 2150 τοῦ
1051 2096 1255 2174 ψυχοκρατη-
1267 2100 1295 2155 Y
1317 2080 1326 2101 ‘

238 2202 347 2277 τικοῦ,
380 2193 417 2269 ός
449 2191 541 2258 ἐστιν
568 2188 723 2275 ἕβδομος,
755 2186 811 2254 καί
840 2198 900 2254 τοῦ
931 2197 1252 2279 σωματοπλαστικοῦ,
1266 2218 1293 2260 ιτ

239 2300 275 2377 ὅς
293 2300 385 2366 ἐστιν
406 2301 555 2382 ἔννατος,
579 2298 766 2363 συνιόντων
788 2295 882 2380 ὁμοῦ.

181 2435 299 2502 ΒτΠΙμ
324 2425 375 2491 10.
394 2423 429 2488 Ὁ
446 2427 588 2507 Νουμᾶς
605 2431 775 2506 πανταχοῦ
794 2422 853 2486 τὸν
870 2423 1026 2508 περιττὸν
1044 2421 1114 2488 ἀλλ’
1133 2424 1174 2489 ού
1193 2426 1251 2492 τὸν
1263 2443 1346 2500 XYs

238 2532 356 2616 άρτιον
384 2529 534 2616 ἀριθμὸν
563 2539 669 2612 τιμῶν
697 2538 792 2614 τριχῆ
826 2528 885 2605 τάς
914 2526 1029 2615 ἑορτάς
1060 2539 1120 2595 τοῦ
1151 2532 1254 2616 μηνὸς

237 2637 432 2703 διετύπωσε·
460 2639 600 2722 τρίπους
626 2635 691 2720 γάρ
719 2636 840 2711 οἰκεῖος
861 2632 1084 2721 Ἀπόλλωνος,
1111 2635 1252 2725 καὶγὰρ

307 2865 332 2902 v.
353 2853 368 2901 1
393 2846 501 2917 φωνήν.
538 2848 591 2901 oet.
621 2845 678 2901 des.
706 2844 730 2901 S
831 2851 847 2899 λ
875 2844 1034 2918 ὁγὰρ-4
1052 2848 1182 2918 ἀριθμῶν
1205 2849 1253 2904 de·

237 2919 303 2973 sunt
325 2918 355 2973 Y
431 2915 540 2974 4δθεν
559 2916 587 2972 ολ
604 2917 645 2986 Α,
664 2913 708 2971 ότι
726 2916 755 2972 ολ
768 2923 833 2972 -6
853 2918 1056 2984 διασώζεταιδ
1135 2922 1251 2994 ῦφασλ]

236 2991 306 3080 (μησὶ
323 2989 360 3054 Α,
381 2989 497 3045 omiss
569 2985 678 3044 Ὶδιότι
695 2988 770 3056 ΧΥ,
794 2987 842 3043 διὰ
860 2989 891 3045 τό
909 2990 953 3061 A,
1028 2987 1188 3045 θαίτία-
1202 3011 1251 3061 μο-

236 3081 289 3123 νας
307 3059 386 3115 omis.
404 3060 434 3115 Y
504 3065 538 3114 10
556 3056 694 3129 κρλτηςΑ
712 3056 922 3133 κρίσειςᾼΒΙ
942 3064 980 3134 τῷ
1000 3059 1077 3115 omis.
1096 3062 1130 3128 Y,
1153 3062 1184 3117 τὸ
1202 3062 1252 3118 τόν

235 3132 270 3187 Ν
291 3132 296 3202 Ι
321 3129 446 3199 όιριθμδν
464 3132 499 3185 Ν
582 3136 615 3185 11
635 3128 745 3198 θάτερα
767 3131 802 3184 Ν
884 3137 918 3185 14
935 3129 1101 3195 συνακτικός
1120 3132 1251 3202 AOEG,

236 3199 418 3264 σνντακτικός
433 3202 473 3269 D,
492 3197 663 3263 σννατττικός
680 3201 715 3255 Ν
733 3201 738 3272 Ι
763 3199 936 3269 κρίνεται-
951 3208 984 3256 16
1004 3202 1073 3272 ὁμοῦ
1092 3202 1195 3258 desunt
1212 3204 1250 3272 X,

234 3270 338 3342 viginti
350 3270 510 3326 litterarum
519 3271 649 3342 ,spatium
662 3275 746 3326 νοοελ
759 3272 788 3325 Β
861 3278 893 3325 17
908 3288 942 3326 ex
955 3273 1010 3327 hac
1022 3274 1200 3355 paragrapho
1217 3280 1251 3329 10

235 3341 385 3412 exscripsit
399 3340 538 3414 Georgius
548 3341 689 3398 cedrenus
703 3356 745 3410 es,
760 3357 833 3410 quse
849 3341 982 3413 leguntur
996 3342 1026 3398 in
1039 3343 1163 3400 sditmne
1176 3344 1250 3401 Bon-

234 3413 316 3468 nensi
355 3457 361 3468 .
376 3418 437 3481 294,
448 3430 474 3469 ιι
484 3431 545 3482 sqq.
560 3416 590 3468 ελ
603 3432 631 3484 p.
647 3418 708 3481 296,
718 3429 810 3482 sssqq.
830 3410 873 3467 ότι
888 3413 902 3468 ὁ
917 3413 943 3484 (ὁ
958 3413 1037 3470 omis.
1050 3415 1131 3487 GM)
1144 3424 1251 3485 νουμᾶς

235 3485 276 3548 εἰς
292 3433 356 3553 τρόόι
374 3483 424 3539 τόν
443 3493 519 3555 μῆνα
542 3485 641 3540 διελὼν
658 3492 738 3554 τριχῆ
756 3484 807 3547 τὰς
825 3483 856 3538 ἐν
869 3485 943 3539 αῦτῶ
957 3486 1125 3542 διετύπωσεν
1140 3485 1248 3557 ἑορτάς·

233 3553 350 3624 τρίπους
366 3558 423 3609 κτλ.
442 3556 476 3623 Υ,
496 3553 540 3610 ὅτι
558 3555 573 3609 ὁ
592 3562 699 3624 νοομᾶς
716 3555 766 3610 τὸν
783 3555 913 3624 περιττὸν
930 3555 1056 3626 ἀριθμὸν
1071 3567 1157 3627 τιμῶν
1170 3567 1249 3630 τριχῆ

234 3625 481 3759 αιαλαϊὲι
497 3625 784 3768 ἐαςδεξάμεναιεἰ
808 3632 886 3752 ..α
905 3623 990 3753 αλ
1012 3626 1250 3756 ααιααι

399 3738 408 3766 ’
675 3765 682 3787 ι
812 3759 814 3764 “
992 3741 1011 3790 ⁸.
1125 3780 1137 3792 .

233 3767 868 3910 mm,³233012>⁶;22‘325²333{5
878 3765 1034 3912 λῖζῖλίλλ
1050 3774 1248 3916 ’ἆλλλῗλίόι

234 3910 356 3966 ἐτύπωσε
374 3911 402 3964 Β
418 3913 422 3982 Ι
438 3909 579 3966 άπόλλοινι
597 3912 626 3965 Β
1238 3967 1241 3972 ,
