3074 4598
619 499 729 557 ιιννιι
746 501 901 559 TERTIUS
1219 507 1263 573 59

245 680 314 747 τοῖς
336 678 443 733 πᾶσιν
467 664 586 733 ἑαυτοῦ
609 661 665 729 καὶ
687 664 866 748 ταχύτατός
888 665 957 731 ἐστι
979 666 1085 750 πάσης
1101 669 1294 750 κινησεοςε

246 774 301 842 καλ
324 772 377 839 άελ
404 772 560 846 ὡσαύτως
580 771 675 854 ἔχων,
698 769 736 832 τό
758 792 794 835 τε
817 765 966 860 εἶναιτῷ
988 769 1088 837 παντὶ
1110 772 1261 862 αἰσθητῷ

247 881 366 946 δίδωσι
390 878 552 962 οὐδεμίαν
575 874 761 957 ἐναλλαγὴν
783 873 838 940 καλ
861 882 1030 945 ποικιλίαν
1048 877 1167 963 λαχών.

190 997 322 1063 RrIIL14
383 984 435 1048 20.
442 982 512 1047 Ὅτι
527 977 565 1046 δὲ
578 982 638 1048 τὸν
652 978 808 1046 ἐνιαυτὸν
821 981 865 1059 ὡς
877 985 962 1051 θεὸν
974 984 1139 1071 ἐτίμησαν,
1154 986 1258 1070 δῆλον
1272 997 1296 1051 X

245 1091 277 1172 ἐξ
301 1089 404 1174 αὐτῆς
431 1096 488 1170 τῆς
511 1088 636 1154 Λυδῶν
657 1088 831 1172 βασιλίδος
856 1090 991 1167 πόλεως.
1036 1092 1168 1176 Σάρδιν
1194 1093 1257 1178 γὰρ
1285 1114 1298 1154 ι

244 1197 349 1280 αὐτὴν
367 1192 424 1260 καὶ
445 1193 574 1281 Ξυάριν
587 1195 605 1261 ὁ
620 1193 755 1271 Ξάνθος
771 1198 875 1278 καλεῖ,
893 1195 930 1260 τὸ
949 1191 988 1261 δὲ
1005 1199 1137 1283 Σάρδιν
1155 1201 1260 1285 ὄνομα

243 1310 277 1368 εί
295 1326 346 1378 τις
369 1303 452 1367 κατὰ
471 1300 619 1388 ἀριθμὸν
641 1300 884 1384 άπολονίσεται,
906 1298 1004 1367 πέντε
1025 1302 1081 1368 καλ
1104 1303 1259 1389 ἑξήκοντα

241 1406 297 1474 καὶ
330 1413 522 1495 τριακοσίας
559 1410 692 1495 εὑρήσει
723 1407 881 1490 συνάγων
914 1408 1074 1492 μονάδας·
1105 1410 1150 1487 ὡς
1180 1411 1258 1477 κάν-

242 1523 365 1582 τεῦθεν
389 1511 475 1583 εἶναι
502 1518 625 1600 δῆλον,
654 1514 737 1601 πρὸς
758 1515 859 1601 τιμὴν
879 1513 978 1599 ἡλίου
999 1524 1059 1580 τοῦ
1083 1518 1258 1596 τοσαύταις

242 1622 380 1712 ἡμέραις
407 1625 467 1691 τὸν
495 1623 651 1690 ἐνιαυτὸν
678 1621 882 1705 συνάγοντος
909 1621 1041 1708 Σάρδιν
1063 1621 1258 1708 ὠνομασδη-
1271 1647 1298 1687 ιο

242 1755 298 1797 ναι
320 1731 384 1815 τὴν
409 1734 517 1797 πόλιν.
563 1728 643 1796 νέον
669 1723 706 1793 δὲ
734 1729 855 1815 σάρδιν
876 1728 913 1794 τὸ
937 1727 1016 1795 νέον
1037 1731 1109 1805 ἔτος
1131 1729 1180 1794 ἔτι
1201 1727 1257 1795 καλ

241 1847 306 1903 νῦν
336 1835 494 1921 λέγεσθαι
524 1844 571 1925 τῷ
599 1837 722 1919 πλήθει
753 1842 1039 1920 σννομολογεῑται·
1068 1833 1132 1903 εἰσὶ
1160 1833 1196 1903 δὲ
1224 1837 1260 1904 ολ

241 1960 335 2029 φασι,
358 1953 399 2028 τῇ
423 1944 547 2008 Λυδῶν
569 1943 690 2029 ἀρχαία
713 1950 809 2027 φωνῇ
832 1941 892 2007 τὸν
910 1939 1064 2008 ἐνιαυτὸν
1080 1948 1256 2010 καλεῖσθαι

241 2037 371 2134 σάρδιυ.

186 2164 310 2222 deesth
333 2155 387 2220 21.
402 2151 473 2218 ’Ότι
487 2153 547 2218 τὸν
560 2157 660 2219 Πᾶνα
679 2153 725 2228 εἰς
738 2154 800 2238 τὴν
818 2155 916 2219 τοῦδε
933 2164 994 2220 τοῦ
1012 2156 1133 2232 παντὸς
1152 2157 1256 2241 φύσιν
1271 2166 1289 2221 S

239 2262 470 2346 λαμβάνουσιν
493 2261 525 2326 ολ
544 2261 663 2344 Λυδοί,
686 2261 808 2345 κεραόν
826 2282 900 2325 τινα
918 2259 983 2325 άπὸ
1003 2264 1149 2345 σελήνης,
1173 2267 1253 2347 φλο-
1267 2286 1293 2326 ιο

239 2368 330 2453 γώδη
361 2363 400 2433 δὲ
430 2368 488 2444 τδις
517 2367 611 2458 ὄψεις
641 2364 705 2430 άπὸ
734 2375 797 2432 τοῦ
826 2364 975 2451 αύδέρος,
1005 2367 1123 2433 λάσιον
1150 2364 1188 2434 δὲ
1215 2368 1253 2434 τὸ

239 2486 333 2559 σῶμα
356 2472 421 2539 ἀπὸ
446 2483 502 2558 τῆς
525 2481 595 2557 γῆς,
618 2474 769 2557 χείρονος
797 2467 835 2537 δὲ
861 2471 991 2557 φύσεως
1012 2474 1052 2538 τὰ
1075 2474 1174 2538 λοιπὰ
1197 2475 1253 2540 διὰ

237 2582 299 2664 τὴν
321 2582 448 2663 άλογον
469 2587 527 2662 τῆς
548 2577 631 2661 ύλης
651 2581 829 2643 ποικιλίαν.

184 2696 307 2754 deesth
330 2686 384 2750 22.
409 2687 451 2750 Ολ
469 2693 570 2770 μῆνες
587 2684 786 2749 δυοκαίδεκα
803 2685 892 2771 παρὰ
905 2692 1007 2749 πᾶσιν
1027 2686 1120 2762 ὄντες
1138 2686 1252 2763 ἄλλοις
1264 2698 1292 2752 Η

238 2796 377 2859 ἔθνεσιν
400 2792 507 2868 άλλως
527 2791 843 2878 προσαγορεύονται.
886 2789 942 2856 καλ
970 2793 1033 2879 γὰρ
1058 2789 1251 2876 Ἀθηναίοις
1265 2817 1290 2858 21

237 2895 299 2985 μὲν
319 2897 439 2976 οὕτως·
458 2897 709 2984 Ἐλαφηβολιὼν
727 2898 934 2983 Μουνυχιὼν
955 2899 1152 2986 Θαργηλιὼν
1170 2904 1251 2966 Σκι-

236 3006 411 3092 ροφοριὼν
423 3004 670 3089 Ἑκατομβαιὼν
682 3005 933 3088 Μεταγειτνιὼυ
945 3005 1166 3091 Βοηδρομιὼν
1179 3011 1249 3072 Πυ-

237 3112 386 3191 ανεψιὼν
400 3111 665 3197 Μαιμακτηριὼν
678 3110 871 3176 Ποσειδεὼν
884 3112 1061 3194 Γαμηλιὼν
1073 3109 1250 3198 Ἀνθεστη-

307 3304 332 3340 ν.
353 3292 369 3340 6
388 3284 518 3340 Xanthus
537 3283 571 3339 fr.
592 3290 626 3339 14
640 3282 708 3341 add.
727 3282 812 3338 ΒΗΘ
825 3282 864 3337 IV
880 3301 908 3354 p.
923 3287 975 3337 629

308 3445 332 3481 v.
348 3432 367 3480 4
386 3423 430 3482 ὅτι
449 3424 560 3494 σάρδεις
573 3426 591 3496 ἡ
604 3427 696 3480 λνδῶν
709 3422 789 3488 πόλις
808 3425 848 3488 είς
864 3424 945 3494 τιμὴν
963 3434 1038 3512 τού-
1031 3423 1110 3495 ἡλίου
1125 3424 1248 3498 ἐκτίσθη.
1363 3468 1365 3470 -

236 3513 307 3570 ὅθεν
333 3515 383 3570 καὶ
407 3514 422 3570 δ
447 3525 502 3570 τῶν
532 3512 674 3586 στοιχείων
702 3514 826 3584 άριλδμδς
855 3514 894 3577 εἰς
915 3512 965 3576 τὰς
989 3514 1033 3581 τξε
1065 3524 1249 3584 συμποιοῦται

235 3584 340 3655 ἡμέρας
358 3595 409 3641 τοῦ
429 3586 566 3642 ἐνιαυτοῦ.
603 3586 652 3641 καλ
670 3584 771 3654 σάρδια
789 3583 822 3640 δὲ
844 3584 921 3653 παρὰ
938 3593 976 3640 τῶ
999 3584 1101 3653 πλήθει
1120 3587 1161 3657 (τὸ
1180 3591 1248 3658 πλῆ-

234 3661 290 3719 θος
307 3657 354 3727 D)
373 3657 406 3713 τὸ
430 3654 494 3714 νέον
517 3656 578 3720 ἔτος
600 3657 630 3712 Υ
716 3662 732 3711 ’λ
754 3655 827 3711 κατὰ
851 3656 901 3711 τὸν
922 3656 1047 3726 ἀριθμὸν
1064 3657 1093 3710 Β
1118 3659 1122 3727 Ι
1147 3659 1248 3714 ὑπολο-

234 3726 342 3799 ηἰσετοιι
355 3730 385 3783 Α
446 3725 575 3798 9ἡελλου
589 3729 618 3782 Β
679 3733 710 3782 11
731 3725 796 3783 νεόν
815 3725 846 3782 δὲ
859 3728 894 3796 Α,
917 3724 983 3783 νέον
1001 3726 1033 3782 δὲ
1046 3728 1075 3781 Β
1129 3733 1163 3783 22
1181 3749 1247 3785 νου-

235 3801 336 3870 νεχιὼν
348 3800 390 3870 Η,
411 3817 478 3856 corr.
491 3799 534 3871 H,
553 3800 557 3870 Ι
574 3799 768 3870 σκηροφοριὼν
781 3799 821 3868 Η,
841 3815 908 3854 corr.
922 3798 965 3871 H,
1035 3805 1068 3853 23
1087 3801 1248 3871 πιανεψιών

235 3871 424 3940 μεμακτεριδεν
442 3872 598 3927 ποοιδαιὼν
614 3872 655 3941 H,
674 3887 742 3926 corr.
761 3871 797 3925 H
797 3910 809 3943 ,
