3074 4598
504 501 610 558 LIBER
628 491 801 566 QUARTUS.
828 499 940 555 MAIUS
1155 501 1218 566 131

220 676 302 762 μέσα
322 671 473 754 καθάπερ
492 665 512 749 ἡ
535 664 667 746 αδδερία
688 664 781 746 μήνη.
828 663 883 730 ὅτε
905 663 967 748 γάρ
986 661 1126 747 οὐρανὸς
1144 662 1218 731 ἀσέ-
1230 672 1257 727 Χ

220 787 329 864 ληνος,
357 771 436 841 οὐδὲ
459 771 563 857 ῖβιδες
586 767 700 851 ὁρῶσι,
726 768 849 850 μύουσι
877 765 914 836 δὲ
940 769 1008 846 τοῖς
1029 768 1218 854 ὀφθαλμοῖς

220 895 341 951 τοῦτον
362 882 422 946 τὸν
443 877 566 962 χρόνον
587 870 642 938 καλ
664 872 768 939 ἀσιτοι
791 872 1023 963 έγκαρτεροῦσι
1045 874 1081 940 τὸ
1101 892 1217 959 συγγε-

219 987 274 1068 νές
303 995 466 1069 στοιχεῖον
495 976 722 1064 ἀναμένουσαι.
773 976 854 1045 δδέ
882 980 1011 1066 κέρκωψ
1039 978 1216 1067 δηλοτέρας

219 1099 285 1179 ἔχει
299 1096 357 1168 τάς
375 1088 552 1170 ἐνεργείας·
576 1085 628 1152 ὅτε
642 1085 703 1170 γὰρ
717 1082 807 1164 αὔξει
822 1088 951 1170 σελήνη,
969 1086 986 1153 ὁ
1005 1098 1071 1153 τῶν
1089 1086 1217 1173 ὀφθαλ-
1243 1111 1255 1154 τ

218 1210 289 1284 μῶν
311 1196 432 1272 κύκλος
454 1195 528 1259 τότε
550 1193 734 1281 εὐρύνεται,
763 1190 818 1256 ὅτε
841 1187 878 1256 δὲ
900 1203 1060 1278 μειοῦται,
1090 1194 1126 1260 τὸ
1149 1206 1216 1260 τῶν

217 1303 372 1385 ὀμμάτων
393 1297 569 1388 περιφερὲς
591 1295 807 1365 συστέλλεται.

160 1417 283 1473 erae
305 1410 354 1473 77.
374 1406 445 1476 Ὅτι
464 1408 483 1474 δ
502 1403 724 1496 Ἀριστοτέλης
741 1404 801 1470 τὸν
814 1404 1049 1489 Καλλισθένην
1062 1405 1266 1473 ἀπέσκω-Υθ

214 1524 278 1593 ψεν
300 1517 403 1582 εἰπὼν
425 1517 485 1582 τὸν
512 1511 572 1598 μέν
598 1511 748 1597 περιττὸν
774 1520 860 1578 νοῦν
883 1513 982 1597 ἔχειν,
1009 1513 1067 1577 τὸν
1094 1507 1131 1577 δὲ
1157 1512 1214 1579 ἀν-

213 1623 389 1708 θρώπινον
411 1619 678 1707 ἀποβεβληκέναι.
1226 1645 1253 1686 ιο

162 1737 282 1814 δοεειῖιτ
307 1731 358 1795 78.
376 1728 447 1797 Ὅτι
471 1728 489 1794 δ
508 1727 659 1814 Ἀλφειὸς
679 1726 821 1811 ποταμὸς
845 1725 958 1813 δρᾶται
975 1725 1247 1810 καταδυόμενοςὸ

212 1829 273 1918 μὲν
296 1835 333 1901 έν
351 1839 611 1925 Πελοποννήσῳ,
633 1833 858 1919 ἀναδυόμενος
880 1829 918 1898 δὲ
935 1832 972 1899 έν
989 1833 1139 1919 Σικελίγ·
1161 1830 1212 1899 λέ·

211 1957 309 2020 γουσι
339 1937 376 2006 δὲ
404 1940 459 2006 καὶ
489 1942 549 2006 τὸν
576 1944 716 2026 Τίγρητα
744 1939 845 2005 ταύτὸ
873 1949 968 2006 τοῦτο
994 1940 1131 2024 πάσχειν
1158 1937 1211 2005 καλ

210 2043 270 2108 τὸν
292 2046 408 2111 Λύκου
429 2045 485 2111 καὶ
509 2043 640 2132 ἑτέρους
662 2046 759 2122 τινάς.

159 2159 280 2214 deesth
305 2150 356 2216 79.
376 2149 448 2218 Ὅτι
467 2152 576 2237 ὥσπερ
595 2157 654 2216 τοῦ
673 2150 819 2233 σώματος
837 2159 897 2215 τοῦ
918 2149 1074 2238 η’μετέρου
1091 2151 1128 2216 τὸ
1150 2147 1212 2237 μέν
1224 2178 1251 2218 ιτ

211 2255 350 2343 διαρρεῖ,
373 2258 410 2324 τὸ
434 2256 471 2324 δὲ
495 2259 636 2340 διαπνεῖ,
663 2256 844 2342 διαρρεῖται
866 2253 928 2343 μέν
949 2257 1013 2323 ἀπὸ
1034 2266 1094 2322 τοῦ
1117 2259 1211 2343 αἵμα-

209 2386 264 2439 τος
287 2366 370 2430 κατά
392 2365 451 2441 τάς
473 2363 612 2449 φλέβας,
636 2362 819 2428 διαπνεῖται
842 2359 879 2428 δὲ
901 2362 965 2430 ὑπὸ
987 2371 1045 2429 τοῦ
1067 2364 1210 2449 πνεύμα-

207 2492 264 2546 τος
286 2471 369 2535 κατά
391 2473 449 2547 τοῖς
472 2470 638 2556 ἀρτηρίας,
664 2467 746 2534 οὕτω
769 2465 826 2534 καὶ
848 2477 906 2553 τῆς
928 2478 986 2554 γῆς
1007 2468 1043 2534 τὸ
1066 2464 1127 2553 μὲν
1143 2469 1209 2535 ὑπὸ

207 2585 274 2639 τῶν
296 2575 445 2659 ὑδάτων,
474 2576 510 2641 τὸ
540 2571 577 2640 δὲ
599 2574 664 2640 ὑπὸ
685 2585 750 2640 τῶν
776 2575 973 2659 πνευμάτων
999 2575 1208 2662 διαρρεῖσθαι

207 2677 262 2744 καὶ
294 2681 524 2766 διαπνεῖσθαι,
561 2677 745 2767 έμφράξεως
781 2677 819 2747 δὲ
849 2680 870 2766 ἣ
902 2682 1157 2769 παρεμπτώσεως
1187 2681 1248 2767 ἢεο

208 2791 420 2868 συνθλίιμεως
452 2788 622 2872 συμβάσης
653 2785 780 2873 τρέμειν
817 2790 877 2872 τὴν
912 2797 975 2872 γῆν
1009 2788 1116 2873 ὥσπερ
1147 2789 1208 2856 τὸν

207 2895 402 2981 ἀνθρωττον·
425 2893 652 2980 Ἀριστοτέλης
678 2891 713 2960 δέ
738 2895 776 2961 τὸ
799 2894 1046 2981 τεθνμιωμένον
1069 2903 1127 2979 τῆς
1147 2904 1206 2981 γῆς

204 2997 259 3064 καὶ
278 3000 414 3086 ἀτμίζον
432 3003 575 3066 αἰτιᾶται
667 2998 708 3065 ἀν
724 2997 786 3085 μὲν
804 2999 946 3078 εὐπετῶς
963 3011 1035 3088 σχῇ·
1056 3002 1085 3067 εἰ
1102 2998 1132 3066 δ’
1154 3002 1205 3087 οά,

205 3107 349 3189 βιάζεται
371 3107 432 3191 τὴν
454 3117 527 3191 γῆν.
573 3108 624 3173 ὅτι
650 3106 668 3172 ὁ
694 3107 799 3190 Τάγης
827 3106 864 3172 έν
891 3117 960 3184 τοῖς
980 3125 1206 3191 σεισμοσκοπι-

203 3220 274 3287 κοῖς
301 3211 406 3296 λέγει,
437 3213 482 3289 ὡς
509 3210 546 3276 έν
573 3222 644 3288 ταῖς
669 3211 820 3297 πολέμων
846 3214 1014 3295 κινήσεσιν
1040 3213 1069 3278 ελ
1095 3216 1202 3300 συμβῇ
1217 3239 1243 3282 ιε

205 3317 342 3402 σεισμὸν
364 3317 533 3402 γενέσθαι,
558 3319 635 3395 τοὺς
652 3314 724 3402 παρ’
745 3308 796 3394 οἷς
818 3321 944 3401 γίνοιτο
966 3319 1093 3395 πάντας
1115 3318 1205 3385 ἐλατ-

273 3509 298 3546 v.
314 3497 347 3547 23
362 3490 396 3547 cf.
411 3491 580 3547 Aristoteles
594 3491 705 3546 Meteor,
714 3490 787 3560 ΙΠ,ῖ
805 3508 833 3561 p.
844 3497 895 3546 378
908 3491 1016 3548 Bekker
1064 3497 1098 3546 24
1112 3491 1202 3566 Tages

203 3560 236 3616 of.
250 3561 438 3618 Waohsmuth
457 3563 494 3618 de
512 3566 564 3619 ost.
584 3582 610 3633 p.
627 3567 713 3631 110,7

271 3727 333 3776 v.4
356 3720 513 3791 δειλοτέρας
530 3723 559 3778 A
648 3721 696 3777 8⁶
719 3721 797 3777 omis.
821 3721 851 3777 Y
877 3790 880 3795 .
935 3711 1057 3778 θείτδν
1079 3722 1156 3779 omis.
1175 3723 1205 3778 Y

202 3797 235 3846 16
263 3811 301 3849 an
331 3796 460 3878 utroque·
482 3793 546 3876 1090
578 3795 728 3862 διαρρεῖται
756 3797 786 3849 et
814 3795 973 3849 διαπνεῖται
1004 3793 1199 3850 scribendum?

200 3868 234 3919 23
251 3862 384 3920 lacunam
400 3864 524 3921 md10av1

1007 3955 1041 4008 9·
