<?xml version="1.0" encoding="UTF-8"?>
<!DOCTYPE html PUBLIC "-//W3C//DTD XHTML 1.0 Transitional//EN"
    "http://www.w3.org/TR/xhtml1/DTD/xhtml1-transitional.dtd">
<html xmlns="http://www.w3.org/1999/xhtml" xml:lang="en" lang="en">
 <head>
  <title>
</title>
<meta http-equiv="Content-Type" content="text/html;charset=utf-8" />
  <meta name='ocr-system' content='tesseract 3.04.00' />
  <meta name='ocr-capabilities' content='ocr_page ocr_carea ocr_par ocr_line ocrx_word'/>
</head>
<body>
  <div class='ocr_page' id='page_1' title='image "./ioannislaurenti00wuengoog_0281.png"; bbox 0 0 3074 4598; ppageno 0'>
   <div class='ocr_carea' id='block_1_1' title="bbox 299 493 1064 565">
    <p class='ocr_par' dir='ltr' id='par_1_1' title="bbox 299 493 1064 565">
     <span class='ocr_line' id='line_1_1' title="bbox 299 493 1064 565; baseline -0.005 -10"><span class='ocrx_word' id='word_1_1' title='bbox 299 501 363 565; x_wconf 78' lang='grc'><strong><em>176</em></strong></span> <span class='ocrx_word' id='word_1_2' title='bbox 536 493 645 550; x_wconf 82' lang='lat' dir='ltr'>LIBER</span> <span class='ocrx_word' id='word_1_3' title='bbox 663 493 838 560; x_wconf 83' lang='lat' dir='ltr'><strong>QUARTUS.</strong></span> <span class='ocrx_word' id='word_1_4' title='bbox 867 494 1064 553; x_wconf 80' lang='lat' dir='ltr'>DECEMBER</span> 
     </span>
    </p>
   </div>
   <div class='ocr_carea' id='block_1_2' title="bbox 248 656 1315 2672">
    <p class='ocr_par' dir='ltr' id='par_1_2' title="bbox 260 656 1315 960">
     <span class='ocr_line' id='line_1_2' title="bbox 260 656 1315 748; baseline 0.003 -25"><span class='ocrx_word' id='word_1_5' title='bbox 260 668 281 723; x_wconf 80' lang='lat' dir='ltr'>S</span> <span class='ocrx_word' id='word_1_6' title='bbox 296 669 468 746; x_wconf 85' lang='grc' dir='ltr'><strong><em>κευθμῶσι</em></strong></span> <span class='ocrx_word' id='word_1_7' title='bbox 487 669 545 744; x_wconf 84' lang='grc' dir='ltr'><strong><em>τῆς</em></strong></span> <span class='ocrx_word' id='word_1_8' title='bbox 560 667 620 742; x_wconf 79' lang='grc' dir='ltr'><strong><em>γῆς</em></strong></span> <span class='ocrx_word' id='word_1_9' title='bbox 639 656 831 744; x_wconf 81' lang='grc' dir='ltr'><strong><em>έμφολεύει.</em></strong></span> <span class='ocrx_word' id='word_1_10' title='bbox 863 660 987 748; x_wconf 82' lang='grc' dir='ltr'><strong><em>πατέρα</em></strong></span> <span class='ocrx_word' id='word_1_11' title='bbox 1001 657 1038 727; x_wconf 69' lang='grc' dir='ltr'><strong><em>δὲ</em></strong></span> <span class='ocrx_word' id='word_1_12' title='bbox 1052 662 1142 746; x_wconf 84' lang='grc' dir='ltr'><strong><em>ὅμως</em></strong></span> <span class='ocrx_word' id='word_1_13' title='bbox 1155 671 1218 727; x_wconf 90' lang='grc' dir='ltr'><strong><em>τοῦ</em></strong></span> <span class='ocrx_word' id='word_1_14' title='bbox 1227 662 1315 736; x_wconf 87' lang='grc' dir='ltr'><strong><em>Διός</em></strong></span> 
     </span>
     <span class='ocr_line' id='line_1_3' title="bbox 298 765 1313 854; baseline -0.002 -20"><span class='ocrx_word' id='word_1_15' title='bbox 298 785 382 853; x_wconf 91' lang='grc' dir='ltr'><strong><em>φασι</em></strong></span> <span class='ocrx_word' id='word_1_16' title='bbox 405 768 461 833; x_wconf 83' lang='grc' dir='ltr'><strong><em>διὰ</em></strong></span> <span class='ocrx_word' id='word_1_17' title='bbox 483 768 544 850; x_wconf 83' lang='grc' dir='ltr'><strong><em>την</em></strong></span> <span class='ocrx_word' id='word_1_18' title='bbox 566 766 674 850; x_wconf 82' lang='grc' dir='ltr'><strong><em>ὑγράν</em></strong></span> <span class='ocrx_word' id='word_1_19' title='bbox 697 766 831 853; x_wconf 86' lang='grc' dir='ltr'><strong><em>οὐσίαν,</em></strong></span> <span class='ocrx_word' id='word_1_20' title='bbox 852 769 925 854; x_wconf 71' lang='grc' dir='ltr'><strong><em>ἥτις</em></strong></span> <span class='ocrx_word' id='word_1_21' title='bbox 946 769 1080 836; x_wconf 84' lang='grc' dir='ltr'><strong><em>πάντων</em></strong></span> <span class='ocrx_word' id='word_1_22' title='bbox 1101 765 1313 852; x_wconf 89' lang='grc' dir='ltr'><strong><em>πρεσβυτέρα</em></strong></span> 
     </span>
     <span class='ocr_line' id='line_1_4' title="bbox 296 873 1310 960; baseline -0.001 -21"><span class='ocrx_word' id='word_1_23' title='bbox 296 886 365 939; x_wconf 82' lang='grc' dir='ltr'><strong><em>τῶν</em></strong></span> <span class='ocrx_word' id='word_1_24' title='bbox 379 877 551 959; x_wconf 80' lang='grc' dir='ltr'><strong><em>στοιχείων</em></strong></span> <span class='ocrx_word' id='word_1_25' title='bbox 562 873 781 959; x_wconf 71' lang='grc' dir='ltr'><strong><em>παραδίδοται</em></strong></span> <span class='ocrx_word' id='word_1_26' title='bbox 795 879 877 942; x_wconf 82' lang='grc' dir='ltr'><strong><em>κατὰ</em></strong></span> <span class='ocrx_word' id='word_1_27' title='bbox 895 877 954 943; x_wconf 90' lang='grc' dir='ltr'><strong><em>τὸν</em></strong></span> <span class='ocrx_word' id='word_1_28' title='bbox 970 878 1120 960; x_wconf 81' lang='grc' dir='ltr'><strong><em>ποιητήν,</em></strong></span> <span class='ocrx_word' id='word_1_29' title='bbox 1140 875 1177 951; x_wconf 82' lang='grc' dir='ltr'><strong><em>ὅς</em></strong></span> <span class='ocrx_word' id='word_1_30' title='bbox 1191 891 1310 959; x_wconf 89' lang='grc' dir='ltr'><strong><em>φησιν·</em></strong></span> 
     </span>
    </p>

    <p class='ocr_par' dir='ltr' id='par_1_3' title="bbox 253 978 1308 2136">
     <span class='ocr_line' id='line_1_5' title="bbox 373 978 1233 1071; baseline 0 -25"><span class='ocrx_word' id='word_1_31' title='bbox 373 978 534 1046; x_wconf 78' lang='grc' dir='ltr'><strong><em>Ὠκεανόν</em></strong></span> <span class='ocrx_word' id='word_1_32' title='bbox 555 1001 590 1044; x_wconf 87' lang='grc' dir='ltr'><strong><em>τε</em></strong></span> <span class='ocrx_word' id='word_1_33' title='bbox 611 986 704 1046; x_wconf 83' lang='grc' dir='ltr'><strong><em>θεῶν</em></strong></span> <span class='ocrx_word' id='word_1_34' title='bbox 726 988 857 1064; x_wconf 90' lang='grc' dir='ltr'><strong><em>γένεσιν</em></strong></span> <span class='ocrx_word' id='word_1_35' title='bbox 879 982 936 1050; x_wconf 78' lang='grc' dir='ltr'><strong><em>καὶ</em></strong></span> <span class='ocrx_word' id='word_1_36' title='bbox 957 983 1079 1071; x_wconf 87' lang='grc' dir='ltr'><strong><em>μητέρα</em></strong></span> <span class='ocrx_word' id='word_1_37' title='bbox 1106 980 1233 1067; x_wconf 90' lang='grc' dir='ltr'><strong><em>Τηθύν.</em></strong></span> 
     </span>
     <span class='ocr_line' id='line_1_6' title="bbox 267 1084 1308 1176; baseline 0 -24"><span class='ocrx_word' id='word_1_38' title='bbox 267 1090 334 1155; x_wconf 77' lang='grc' dir='ltr'><strong><em>ετὸ</em></strong></span> <span class='ocrx_word' id='word_1_39' title='bbox 357 1084 394 1153; x_wconf 72' lang='grc' dir='ltr'><strong><em>δὲ</em></strong></span> <span class='ocrx_word' id='word_1_40' title='bbox 416 1087 508 1174; x_wconf 79' lang='grc' dir='ltr'><strong><em>ὕδωρ</em></strong></span> <span class='ocrx_word' id='word_1_41' title='bbox 536 1088 653 1171; x_wconf 82' lang='grc' dir='ltr'><strong><em>Τηθὺν</em></strong></span> <span class='ocrx_word' id='word_1_42' title='bbox 681 1087 829 1176; x_wconf 79' lang='grc' dir='ltr'><strong><em>ἐμφερῶς</em></strong></span> <span class='ocrx_word' id='word_1_43' title='bbox 857 1089 1033 1174; x_wconf 82' lang='grc' dir='ltr'><strong><em>ὠνόμασαν</em></strong></span> <span class='ocrx_word' id='word_1_44' title='bbox 1060 1091 1125 1157; x_wconf 88' lang='grc' dir='ltr'><strong><em>ἀπὸ</em></strong></span> <span class='ocrx_word' id='word_1_45' title='bbox 1152 1097 1213 1155; x_wconf 89' lang='grc' dir='ltr'><strong><em>τοῦ</em></strong></span> <span class='ocrx_word' id='word_1_46' title='bbox 1241 1097 1308 1152; x_wconf 80' lang='grc' dir='ltr'><strong><em>κελ-</em></strong></span> 
     </span>
     <span class='ocr_line' id='line_1_7' title="bbox 297 1191 1306 1286; baseline -0.001 -25"><span class='ocrx_word' id='word_1_47' title='bbox 297 1203 380 1262; x_wconf 90' lang='grc' dir='ltr'><strong><em>σθαι</em></strong></span> <span class='ocrx_word' id='word_1_48' title='bbox 402 1196 484 1261; x_wconf 83' lang='grc' dir='ltr'><strong><em>κατὰ</em></strong></span> <span class='ocrx_word' id='word_1_49' title='bbox 508 1195 612 1282; x_wconf 88' lang='grc' dir='ltr'><strong><em>φύσιν</em></strong></span> <span class='ocrx_word' id='word_1_50' title='bbox 634 1205 681 1284; x_wconf 77' lang='grc' dir='ltr'><strong><em>τῷ</em></strong></span> <span class='ocrx_word' id='word_1_51' title='bbox 702 1191 764 1282; x_wconf 72' lang='grc' dir='ltr'><strong><em>μὲν</em></strong></span> <span class='ocrx_word' id='word_1_52' title='bbox 787 1196 875 1284; x_wconf 80' lang='grc' dir='ltr'><strong><em>ξηρῷ</em></strong></span> <span class='ocrx_word' id='word_1_53' title='bbox 897 1205 956 1280; x_wconf 81' lang='grc' dir='ltr'><strong><em>τῆς</em></strong></span> <span class='ocrx_word' id='word_1_54' title='bbox 976 1206 1046 1280; x_wconf 82' lang='grc' dir='ltr'><strong><em>γῆς,</em></strong></span> <span class='ocrx_word' id='word_1_55' title='bbox 1069 1206 1115 1286; x_wconf 75' lang='grc' dir='ltr'><strong><em>τῷ</em></strong></span> <span class='ocrx_word' id='word_1_56' title='bbox 1133 1193 1172 1263; x_wconf 77' lang='grc' dir='ltr'><strong><em>δὲ</em></strong></span> <span class='ocrx_word' id='word_1_57' title='bbox 1189 1200 1306 1283; x_wconf 78' lang='grc' dir='ltr'><strong><em>πυκνῷ</em></strong></span> 
     </span>
     <span class='ocr_line' id='line_1_8' title="bbox 294 1299 1306 1390; baseline -0.001 -22"><span class='ocrx_word' id='word_1_58' title='bbox 294 1312 355 1370; x_wconf 92' lang='grc' dir='ltr'><strong><em>τοῦ</em></strong></span> <span class='ocrx_word' id='word_1_59' title='bbox 385 1301 481 1390; x_wconf 81' lang='grc' dir='ltr'><strong><em>ἀέρος</em></strong></span> <span class='ocrx_word' id='word_1_60' title='bbox 511 1303 754 1389; x_wconf 63' lang='grc' dir='ltr'><strong><em>συνεχόμενον.</em></strong></span> <span class='ocrx_word' id='word_1_61' title='bbox 806 1301 861 1368; x_wconf 84' lang='grc' dir='ltr'><strong><em>καὶ</em></strong></span> <span class='ocrx_word' id='word_1_62' title='bbox 892 1301 977 1368; x_wconf 84' lang='grc' dir='ltr'><strong><em>οὕτω</em></strong></span> <span class='ocrx_word' id='word_1_63' title='bbox 1009 1300 1071 1387; x_wconf 73' lang='grc' dir='ltr'><strong><em>μὲν</em></strong></span> <span class='ocrx_word' id='word_1_64' title='bbox 1102 1306 1135 1370; x_wconf 80' lang='grc' dir='ltr'><strong><em>ολ</em></strong></span> <span class='ocrx_word' id='word_1_65' title='bbox 1167 1299 1306 1388; x_wconf 80' lang='grc' dir='ltr'><strong><em>φυσικοὶ</em></strong></span> 
     </span>
     <span class='ocr_line' id='line_1_9' title="bbox 293 1405 1306 1498; baseline -0.001 -23"><span class='ocrx_word' id='word_1_66' title='bbox 293 1409 371 1497; x_wconf 86' lang='grc' dir='ltr'><strong><em>περὶ</em></strong></span> <span class='ocrx_word' id='word_1_67' title='bbox 392 1413 538 1498; x_wconf 84' lang='grc' dir='ltr'><strong><em>Κρόνου.</em></strong></span> <span class='ocrx_word' id='word_1_68' title='bbox 583 1411 779 1496; x_wconf 88' lang='grc' dir='ltr'><strong><em>εὑρίσκομεν</em></strong></span> <span class='ocrx_word' id='word_1_69' title='bbox 806 1405 843 1476; x_wconf 71' lang='grc' dir='ltr'><strong><em>δὲ</em></strong></span> <span class='ocrx_word' id='word_1_70' title='bbox 871 1408 974 1475; x_wconf 87' lang='grc' dir='ltr'><strong><em>αὐτὸν</em></strong></span> <span class='ocrx_word' id='word_1_71' title='bbox 1002 1411 1089 1494; x_wconf 80' lang='grc' dir='ltr'><strong><em>ὅμως</em></strong></span> <span class='ocrx_word' id='word_1_72' title='bbox 1116 1407 1172 1474; x_wconf 78' lang='grc' dir='ltr'><strong><em>καὶ</em></strong></span> <span class='ocrx_word' id='word_1_73' title='bbox 1196 1409 1306 1495; x_wconf 86' lang='grc' dir='ltr'><strong><em>θύρα-</em></strong></span> 
     </span>
     <span class='ocr_line' id='line_1_10' title="bbox 293 1507 1305 1601; baseline -0.003 -18"><span class='ocrx_word' id='word_1_74' title='bbox 293 1527 357 1584; x_wconf 88' lang='grc' dir='ltr'><strong><em>νοῦ</em></strong></span> <span class='ocrx_word' id='word_1_75' title='bbox 379 1520 483 1585; x_wconf 86' lang='grc' dir='ltr'><strong><em>παῑδα</em></strong></span> <span class='ocrx_word' id='word_1_76' title='bbox 507 1518 544 1585; x_wconf 84' lang='grc' dir='ltr'><strong><em>έν</em></strong></span> <span class='ocrx_word' id='word_1_77' title='bbox 565 1527 634 1594; x_wconf 86' lang='grc' dir='ltr'><strong><em>τοῖς</em></strong></span> <span class='ocrx_word' id='word_1_78' title='bbox 652 1519 795 1601; x_wconf 80' lang='grc' dir='ltr'><strong><em>βιβλίοις</em></strong></span> <span class='ocrx_word' id='word_1_79' title='bbox 812 1515 1074 1601; x_wconf 88' lang='grc' dir='ltr'><strong><em>ἀναφερόμενον,</em></strong></span> <span class='ocrx_word' id='word_1_80' title='bbox 1097 1507 1172 1582; x_wconf 82' lang='grc' dir='ltr'><strong><em>οἷον</em></strong></span> <span class='ocrx_word' id='word_1_81' title='bbox 1192 1515 1305 1595; x_wconf 81' lang='grc' dir='ltr'><strong><em>τὸνέξ</em></strong></span> 
     </span>
     <span class='ocr_line' id='line_1_11' title="bbox 253 1620 1305 1712; baseline -0.001 -26"><span class='ocrx_word' id='word_1_82' title='bbox 253 1647 279 1687; x_wconf 80' lang='grc' dir='ltr'><strong><em>ιο</em></strong></span> <span class='ocrx_word' id='word_1_83' title='bbox 293 1624 391 1712; x_wconf 86' lang='grc' dir='ltr'><strong><em>ἀέρος</em></strong></span> <span class='ocrx_word' id='word_1_84' title='bbox 418 1624 676 1707; x_wconf 85' lang='grc' dir='ltr'><strong><em>ἀποτικτόμενον</em></strong></span> <span class='ocrx_word' id='word_1_85' title='bbox 703 1624 844 1708; x_wconf 89' lang='grc' dir='ltr'><strong><em>όμβρον,</em></strong></span> <span class='ocrx_word' id='word_1_86' title='bbox 872 1623 955 1688; x_wconf 84' lang='grc' dir='ltr'><strong><em>ὅθεν</em></strong></span> <span class='ocrx_word' id='word_1_87' title='bbox 980 1621 1035 1688; x_wconf 78' lang='grc' dir='ltr'><strong><em>καλ</em></strong></span> <span class='ocrx_word' id='word_1_88' title='bbox 1061 1622 1156 1698; x_wconf 85' lang='grc' dir='ltr'><strong><em>ὑετὸς</em></strong></span> <span class='ocrx_word' id='word_1_89' title='bbox 1183 1620 1305 1687; x_wconf 81' lang='grc' dir='ltr'><strong><em>ὡσανεὶ</em></strong></span> 
     </span>
     <span class='ocr_line' id='line_1_12' title="bbox 293 1727 1303 1815; baseline -0.008 -17"><span class='ocrx_word' id='word_1_90' title='bbox 293 1733 366 1809; x_wconf 78' lang='grc' dir='ltr'><strong><em>υἱὸς</em></strong></span> <span class='ocrx_word' id='word_1_91' title='bbox 388 1736 544 1812; x_wconf 88' lang='grc' dir='ltr'><strong><em>καλεῖται,</em></strong></span> <span class='ocrx_word' id='word_1_92' title='bbox 567 1727 588 1812; x_wconf 74' lang='grc' dir='ltr'><strong><em>ἣ</em></strong></span> <span class='ocrx_word' id='word_1_93' title='bbox 611 1728 662 1794; x_wconf 84' lang='grc' dir='ltr'><strong><em>ὅτι</em></strong></span> <span class='ocrx_word' id='word_1_94' title='bbox 684 1729 766 1814; x_wconf 88' lang='grc' dir='ltr'><strong><em>μετά</em></strong></span> <span class='ocrx_word' id='word_1_95' title='bbox 786 1729 847 1794; x_wconf 88' lang='grc' dir='ltr'><strong><em>τὸν</em></strong></span> <span class='ocrx_word' id='word_1_96' title='bbox 869 1728 1016 1815; x_wconf 85' lang='grc' dir='ltr'><strong><em>οὐρανὸν</em></strong></span> <span class='ocrx_word' id='word_1_97' title='bbox 1036 1729 1057 1813; x_wconf 83' lang='grc' dir='ltr'><em>ἡ</em></span> <span class='ocrx_word' id='word_1_98' title='bbox 1076 1728 1189 1813; x_wconf 74' lang='grc' dir='ltr'><strong><em>ψυχρὰ</em></strong></span> <span class='ocrx_word' id='word_1_99' title='bbox 1206 1728 1303 1813; x_wconf 78' lang='grc' dir='ltr'><strong><em>ζώνη,</em></strong></span> 
     </span>
     <span class='ocr_line' id='line_1_13' title="bbox 292 1830 1304 1922; baseline -0.004 -19"><span class='ocrx_word' id='word_1_100' title='bbox 292 1834 364 1903; x_wconf 83' lang='grc' dir='ltr'><strong><em>εἶτα</em></strong></span> <span class='ocrx_word' id='word_1_101' title='bbox 385 1836 406 1921; x_wconf 86' lang='grc' dir='ltr'><em>ἡ</em></span> <span class='ocrx_word' id='word_1_102' title='bbox 428 1836 538 1922; x_wconf 79' lang='grc' dir='ltr'><strong><em>θερμὴ</em></strong></span> <span class='ocrx_word' id='word_1_103' title='bbox 561 1833 724 1918; x_wconf 76' lang='grc' dir='ltr'><strong><em>τυγχάνει.</em></strong></span> <span class='ocrx_word' id='word_1_104' title='bbox 759 1832 835 1920; x_wconf 83' lang='grc' dir='ltr'><strong><em>περὶ</em></strong></span> <span class='ocrx_word' id='word_1_105' title='bbox 855 1830 892 1900; x_wconf 71' lang='grc' dir='ltr'><strong><em>δὲ</em></strong></span> <span class='ocrx_word' id='word_1_106' title='bbox 910 1844 967 1919; x_wconf 78' lang='grc' dir='ltr'><strong><em>τῆς</em></strong></span> <span class='ocrx_word' id='word_1_107' title='bbox 984 1835 1304 1921; x_wconf 84' lang='grc' dir='ltr'><strong><em>καταταρταρόσεως</em></strong></span> 
     </span>
     <span class='ocr_line' id='line_1_14' title="bbox 292 1937 1304 2029; baseline -0.003 -19"><span class='ocrx_word' id='word_1_108' title='bbox 292 1952 354 2010; x_wconf 87' lang='grc' dir='ltr'><strong><em>τοῦ</em></strong></span> <span class='ocrx_word' id='word_1_109' title='bbox 376 1945 514 2029; x_wconf 86' lang='grc' dir='ltr'><strong><em>Κρόνου</em></strong></span> <span class='ocrx_word' id='word_1_110' title='bbox 536 1939 719 2026; x_wconf 79' lang='grc' dir='ltr'><strong><em>Ἀμμώνιος</em></strong></span> <span class='ocrx_word' id='word_1_111' title='bbox 744 1941 847 2027; x_wconf 91' lang='grc' dir='ltr'><strong><em>λέγει,</em></strong></span> <span class='ocrx_word' id='word_1_112' title='bbox 875 1944 1012 2029; x_wconf 84' lang='grc' dir='ltr'><strong><em>Κρόνον</em></strong></span> <span class='ocrx_word' id='word_1_113' title='bbox 1037 1939 1100 2028; x_wconf 78' lang='grc' dir='ltr'><strong><em>μέν</em></strong></span> <span class='ocrx_word' id='word_1_114' title='bbox 1128 1937 1215 2008; x_wconf 82' lang='grc' dir='ltr'><strong><em>εἶναι</em></strong></span> <span class='ocrx_word' id='word_1_115' title='bbox 1241 1943 1304 2008; x_wconf 86' lang='grc' dir='ltr'><strong><em>τὸν</em></strong></span> 
     </span>
     <span class='ocr_line' id='line_1_15' title="bbox 292 2046 1303 2136; baseline 0 -20"><span class='ocrx_word' id='word_1_116' title='bbox 292 2059 378 2116; x_wconf 87' lang='grc' dir='ltr'><strong><em>νοῦν</em></strong></span> <span class='ocrx_word' id='word_1_117' title='bbox 403 2049 425 2135; x_wconf 71' lang='grc' dir='ltr'>ἢ</span> <span class='ocrx_word' id='word_1_118' title='bbox 451 2055 579 2135; x_wconf 86' lang='grc' dir='ltr'><strong><em>μᾶλλον</em></strong></span> <span class='ocrx_word' id='word_1_119' title='bbox 604 2050 728 2133; x_wconf 80' lang='grc' dir='ltr'><strong><em>ύυχήν·</em></strong></span> <span class='ocrx_word' id='word_1_120' title='bbox 757 2049 799 2116; x_wconf 88' lang='grc' dir='ltr'><strong><em>ού</em></strong></span> <span class='ocrx_word' id='word_1_121' title='bbox 827 2051 891 2136; x_wconf 85' lang='grc' dir='ltr'><strong><em>γδρ</em></strong></span> <span class='ocrx_word' id='word_1_122' title='bbox 921 2048 1055 2117; x_wconf 86' lang='grc' dir='ltr'><strong><em>ταύτόν·</em></strong></span> <span class='ocrx_word' id='word_1_123' title='bbox 1084 2051 1144 2117; x_wconf 84' lang='grc' dir='ltr'><strong><em>τὸν</em></strong></span> <span class='ocrx_word' id='word_1_124' title='bbox 1172 2046 1210 2116; x_wconf 71' lang='grc' dir='ltr'><strong><em>δέ</em></strong></span> <span class='ocrx_word' id='word_1_125' title='bbox 1232 2055 1303 2116; x_wconf 89' lang='grc' dir='ltr'><strong><em>Δία</em></strong></span> 
     </span>
    </p>

    <p class='ocr_par' dir='ltr' id='par_1_4' title="bbox 248 2154 1303 2672">
     <span class='ocr_line' id='line_1_16' title="bbox 248 2154 1303 2243; baseline 0.002 -23"><span class='ocrx_word' id='word_1_126' title='bbox 248 2179 275 2220; x_wconf 77' lang='grc' dir='ltr'><strong><em>ιι</em></strong></span> <span class='ocrx_word' id='word_1_127' title='bbox 289 2159 352 2242; x_wconf 79' lang='grc' dir='ltr'><strong><em>τὴν</em></strong></span> <span class='ocrx_word' id='word_1_128' title='bbox 374 2157 518 2239; x_wconf 87' lang='grc' dir='ltr'><strong><em>γένεσιν·</em></strong></span> <span class='ocrx_word' id='word_1_129' title='bbox 545 2154 600 2222; x_wconf 80' lang='grc' dir='ltr'><strong><em>καὶ</em></strong></span> <span class='ocrx_word' id='word_1_130' title='bbox 627 2156 678 2222; x_wconf 83' lang='grc' dir='ltr'><strong><em>ὅτι</em></strong></span> <span class='ocrx_word' id='word_1_131' title='bbox 704 2157 769 2243; x_wconf 85' lang='grc' dir='ltr'><strong><em>πρὸ</em></strong></span> <span class='ocrx_word' id='word_1_132' title='bbox 796 2164 854 2239; x_wconf 77' lang='grc' dir='ltr'><strong><em>τῆς</em></strong></span> <span class='ocrx_word' id='word_1_133' title='bbox 881 2157 1039 2240; x_wconf 84' lang='grc' dir='ltr'><strong><em>γενέσεως</em></strong></span> <span class='ocrx_word' id='word_1_134' title='bbox 1064 2159 1253 2242; x_wconf 74' lang='grc' dir='ltr'><strong><em>καθείρχθη</em></strong></span> <span class='ocrx_word' id='word_1_135' title='bbox 1281 2157 1303 2240; x_wconf 77' lang='grc' dir='ltr'><strong><em>ἡ</em></strong></span> 
     </span>
     <span class='ocr_line' id='line_1_17' title="bbox 290 2262 1303 2351; baseline -0.002 -21"><span class='ocrx_word' id='word_1_136' title='bbox 290 2266 380 2350; x_wconf 78' lang='grc' dir='ltr'><strong><em>ψυχὴ</em></strong></span> <span class='ocrx_word' id='word_1_137' title='bbox 403 2264 440 2330; x_wconf 85' lang='grc' dir='ltr'><strong><em>έν</em></strong></span> <span class='ocrx_word' id='word_1_138' title='bbox 462 2272 509 2351; x_wconf 76' lang='grc' dir='ltr'><strong><em>τῷ</em></strong></span> <span class='ocrx_word' id='word_1_139' title='bbox 532 2263 667 2348; x_wconf 87' lang='grc' dir='ltr'><strong><em>σώματι,</em></strong></span> <span class='ocrx_word' id='word_1_140' title='bbox 689 2264 792 2350; x_wconf 88' lang='grc' dir='ltr'><strong><em>ταύτη</em></strong></span> <span class='ocrx_word' id='word_1_141' title='bbox 814 2262 870 2329; x_wconf 80' lang='grc' dir='ltr'><strong><em>καὶ</em></strong></span> <span class='ocrx_word' id='word_1_142' title='bbox 893 2263 993 2350; x_wconf 80' lang='grc' dir='ltr'><strong><em>δέμας</em></strong></span> <span class='ocrx_word' id='word_1_143' title='bbox 1009 2262 1084 2329; x_wconf 75' lang='grc' dir='ltr'><strong><em>ἀντὶ</em></strong></span> <span class='ocrx_word' id='word_1_144' title='bbox 1102 2272 1163 2328; x_wconf 89' lang='grc' dir='ltr'><strong><em>τοῦ</em></strong></span> <span class='ocrx_word' id='word_1_145' title='bbox 1181 2263 1303 2347; x_wconf 85' lang='grc' dir='ltr'><strong><em>δεσμὸς</em></strong></span> 
     </span>
     <span class='ocr_line' id='line_1_18' title="bbox 288 2367 1303 2458; baseline -0.002 -21"><span class='ocrx_word' id='word_1_146' title='bbox 288 2372 326 2437; x_wconf 90' lang='grc' dir='ltr'><strong><em>τὸ</em></strong></span> <span class='ocrx_word' id='word_1_147' title='bbox 351 2383 444 2457; x_wconf 86' lang='grc' dir='ltr'><strong><em>σῶμα</em></strong></span> <span class='ocrx_word' id='word_1_148' title='bbox 462 2371 756 2458; x_wconf 81' lang='grc' dir='ltr'><strong><em>προσαγορεύεται·</em></strong></span> <span class='ocrx_word' id='word_1_149' title='bbox 778 2370 799 2454; x_wconf 81' lang='grc' dir='ltr'><strong><em>ἡ</em></strong></span> <span class='ocrx_word' id='word_1_150' title='bbox 823 2367 860 2436; x_wconf 75' lang='grc' dir='ltr'><strong><em>δὲ</em></strong></span> <span class='ocrx_word' id='word_1_151' title='bbox 880 2369 999 2456; x_wconf 80' lang='grc' dir='ltr'><strong><em>έκτομη</em></strong></span> <span class='ocrx_word' id='word_1_152' title='bbox 1017 2369 1086 2436; x_wconf 79' lang='grc' dir='ltr'><strong><em>ἐστι</em></strong></span> <span class='ocrx_word' id='word_1_153' title='bbox 1103 2369 1141 2434; x_wconf 87' lang='grc' dir='ltr'><strong><em>τὸ</em></strong></span> <span class='ocrx_word' id='word_1_154' title='bbox 1160 2371 1303 2454; x_wconf 80' lang='grc' dir='ltr'><strong><em>ἔσχατον</em></strong></span> 
     </span>
     <span class='ocr_line' id='line_1_19' title="bbox 289 2472 1301 2563; baseline -0.002 -20"><span class='ocrx_word' id='word_1_155' title='bbox 289 2478 345 2543; x_wconf 81' lang='grc' dir='ltr'><strong><em>καὶ</em></strong></span> <span class='ocrx_word' id='word_1_156' title='bbox 368 2479 564 2563; x_wconf 85' lang='grc' dir='ltr'><strong><em>γεννητικὸν</em></strong></span> <span class='ocrx_word' id='word_1_157' title='bbox 585 2474 640 2542; x_wconf 85' lang='grc' dir='ltr'><strong><em>καὶ</em></strong></span> <span class='ocrx_word' id='word_1_158' title='bbox 662 2479 835 2561; x_wconf 88' lang='grc' dir='ltr'><strong><em>ποιητικὸν</em></strong></span> <span class='ocrx_word' id='word_1_159' title='bbox 852 2488 920 2542; x_wconf 84' lang='grc' dir='ltr'><strong><em>τῶν</em></strong></span> <span class='ocrx_word' id='word_1_160' title='bbox 937 2478 1083 2542; x_wconf 84' lang='grc' dir='ltr'><strong><em>πάντων·</em></strong></span> <span class='ocrx_word' id='word_1_161' title='bbox 1106 2477 1242 2560; x_wconf 81' lang='grc' dir='ltr'><strong><em>τοιαύτη</em></strong></span> <span class='ocrx_word' id='word_1_162' title='bbox 1261 2472 1301 2541; x_wconf 71' lang='grc' dir='ltr'><strong><em>δὲ</em></strong></span> 
     </span>
     <span class='ocr_line' id='line_1_20' title="bbox 288 2581 1301 2672; baseline -0.004 -21"><span class='ocrx_word' id='word_1_163' title='bbox 288 2585 309 2669; x_wconf 80' lang='grc' dir='ltr'><em>ἡ</em></span> <span class='ocrx_word' id='word_1_164' title='bbox 333 2598 401 2651; x_wconf 83' lang='grc' dir='ltr'><strong><em>τῶν</em></strong></span> <span class='ocrx_word' id='word_1_165' title='bbox 424 2586 563 2650; x_wconf 82' lang='grc' dir='ltr'><strong><em>αίδοίιον</em></strong></span> <span class='ocrx_word' id='word_1_166' title='bbox 585 2585 698 2669; x_wconf 71' lang='grc' dir='ltr'><strong><em>φύσις</em></strong></span> <span class='ocrx_word' id='word_1_167' title='bbox 721 2593 823 2650; x_wconf 88' lang='grc' dir='ltr'><strong><em>ταῦτα</em></strong></span> <span class='ocrx_word' id='word_1_168' title='bbox 846 2581 883 2649; x_wconf 75' lang='grc' dir='ltr'><strong><em>δέ</em></strong></span> <span class='ocrx_word' id='word_1_169' title='bbox 901 2586 1033 2672; x_wconf 85' lang='grc' dir='ltr'><strong><em>Κρόνος</em></strong></span> <span class='ocrx_word' id='word_1_170' title='bbox 1051 2587 1188 2670; x_wconf 80' lang='grc' dir='ltr'><strong><em>ἔρριψεν</em></strong></span> <span class='ocrx_word' id='word_1_171' title='bbox 1205 2582 1223 2649; x_wconf 84' lang='grc' dir='ltr'>ὁ</span> <span class='ocrx_word' id='word_1_172' title='bbox 1242 2592 1301 2667; x_wconf 76' lang='grc' dir='ltr'><strong><em>τῆς</em></strong></span> 
     </span>
    </p>
   </div>
   <div class='ocr_carea' id='block_1_3' title="bbox 243 2794 1354 3630">
    <p class='ocr_par' dir='ltr' id='par_1_5' title="bbox 269 2794 1299 3202">
     <span class='ocr_line' id='line_1_21' title="bbox 287 2794 1299 2884; baseline -0.002 -21"><span class='ocrx_word' id='word_1_173' title='bbox 287 2809 349 2864; x_wconf 88' lang='grc' dir='ltr'><strong><em>τοῦ</em></strong></span> <span class='ocrx_word' id='word_1_174' title='bbox 374 2799 521 2882; x_wconf 86' lang='grc' dir='ltr'><strong><em>ούρανοῦ</em></strong></span> <span class='ocrx_word' id='word_1_175' title='bbox 543 2794 596 2862; x_wconf 80' lang='grc' dir='ltr'><strong><em>καὶ</em></strong></span> <span class='ocrx_word' id='word_1_176' title='bbox 616 2795 653 2860; x_wconf 81' lang='grc' dir='ltr'><strong><em>ἐν</em></strong></span> <span class='ocrx_word' id='word_1_177' title='bbox 675 2805 713 2881; x_wconf 76' lang='grc' dir='ltr'><strong><em>τῇ</em></strong></span> <span class='ocrx_word' id='word_1_178' title='bbox 737 2796 889 2881; x_wconf 87' lang='grc' dir='ltr'><strong><em>θαλάσση</em></strong></span> <span class='ocrx_word' id='word_1_179' title='bbox 913 2796 1054 2883; x_wconf 88' lang='grc' dir='ltr'><strong><em>ύπάρχη,</em></strong></span> <span class='ocrx_word' id='word_1_180' title='bbox 1079 2794 1229 2861; x_wconf 88' lang='grc' dir='ltr'><strong><em>τουτέστι</em></strong></span> <span class='ocrx_word' id='word_1_181' title='bbox 1251 2805 1299 2884; x_wconf 76' lang='grc' dir='ltr'><strong><em>τῷ</em></strong></span> 
     </span>
     <span class='ocr_line' id='line_1_22' title="bbox 287 2901 1299 2991; baseline -0.002 -21"><span class='ocrx_word' id='word_1_182' title='bbox 287 2905 354 2970; x_wconf 86' lang='grc' dir='ltr'><strong><em>ὑπὸ</em></strong></span> <span class='ocrx_word' id='word_1_183' title='bbox 369 2908 512 2989; x_wconf 82' lang='grc' dir='ltr'><strong><em>σελήνην</em></strong></span> <span class='ocrx_word' id='word_1_184' title='bbox 524 2905 645 2991; x_wconf 84' lang='grc' dir='ltr'><strong><em>κόσμφ,</em></strong></span> <span class='ocrx_word' id='word_1_185' title='bbox 664 2902 701 2979; x_wconf 83' lang='grc' dir='ltr'><strong><em>ὃς</em></strong></span> <span class='ocrx_word' id='word_1_186' title='bbox 719 2903 759 2986; x_wconf 78' lang='grc' dir='ltr'><strong><em>δὴ</em></strong></span> <span class='ocrx_word' id='word_1_187' title='bbox 779 2911 824 2990; x_wconf 79' lang='grc' dir='ltr'><strong><em>τῷ</em></strong></span> <span class='ocrx_word' id='word_1_188' title='bbox 843 2902 971 2991; x_wconf 85' lang='grc' dir='ltr'><strong><em>ἀστάτφ</em></strong></span> <span class='ocrx_word' id='word_1_189' title='bbox 990 2901 1042 2967; x_wconf 80' lang='grc' dir='ltr'><strong><em>καὶ</em></strong></span> <span class='ocrx_word' id='word_1_190' title='bbox 1062 2902 1299 2990; x_wconf 81' lang='grc' dir='ltr'><strong><em>πολυστρέπτφ</em></strong></span> 
     </span>
     <span class='ocr_line' id='line_1_23' title="bbox 269 3010 762 3093; baseline -0.006 -17"><span class='ocrx_word' id='word_1_191' title='bbox 269 3010 479 3076; x_wconf 80' lang='grc' dir='ltr'><strong><em>’ἀπείκασται</em></strong></span> <span class='ocrx_word' id='word_1_192' title='bbox 503 3018 561 3093; x_wconf 79' lang='grc' dir='ltr'><strong><em>τῆς</em></strong></span> <span class='ocrx_word' id='word_1_193' title='bbox 581 3011 762 3092; x_wconf 87' lang='grc' dir='ltr'><strong><em>θαλάσσης,</em></strong></span> 
     </span>
     <span class='ocr_line' id='line_1_24' title="bbox 331 3112 1253 3202; baseline -0.001 -21"><span class='ocrx_word' id='word_1_194' title='bbox 331 3120 416 3182; x_wconf 79' lang='grc' dir='ltr'><strong><em>ἔνθα</em></strong></span> <span class='ocrx_word' id='word_1_195' title='bbox 439 3118 544 3202; x_wconf 83' lang='grc' dir='ltr'><strong><em>φόνος</em></strong></span> <span class='ocrx_word' id='word_1_196' title='bbox 566 3139 601 3180; x_wconf 90' lang='grc' dir='ltr'><strong><em>τε</em></strong></span> <span class='ocrx_word' id='word_1_197' title='bbox 622 3117 720 3191; x_wconf 87' lang='grc' dir='ltr'><strong><em>κότος</em></strong></span> <span class='ocrx_word' id='word_1_198' title='bbox 741 3139 776 3180; x_wconf 91' lang='grc' dir='ltr'><strong><em>τε</em></strong></span> <span class='ocrx_word' id='word_1_199' title='bbox 798 3112 853 3179; x_wconf 77' lang='grc' dir='ltr'><strong><em>καὶ</em></strong></span> <span class='ocrx_word' id='word_1_200' title='bbox 876 3116 987 3180; x_wconf 83' lang='grc' dir='ltr'><strong><em>ἀλλων</em></strong></span> <span class='ocrx_word' id='word_1_201' title='bbox 1010 3116 1111 3182; x_wconf 80' lang='grc' dir='ltr'><strong><em>ἔθνεα</em></strong></span> <span class='ocrx_word' id='word_1_202' title='bbox 1132 3127 1253 3202; x_wconf 80' lang='grc' dir='ltr'><strong><em>κηρῶν.</em></strong></span> 
     </span>
    </p>

    <p class='ocr_par' dir='ltr' id='par_1_6' title="bbox 243 3219 684 3308">
     <span class='ocr_line' id='line_1_25' title="bbox 243 3219 684 3308; baseline -0.011 -16"><span class='ocrx_word' id='word_1_203' title='bbox 243 3251 271 3292; x_wconf 79' lang='grc' dir='ltr'><strong><em>ιι</em></strong></span> <span class='ocrx_word' id='word_1_204' title='bbox 285 3232 421 3288; x_wconf 82' lang='grc' dir='ltr'><strong><em>τοιαῦτα</em></strong></span> <span class='ocrx_word' id='word_1_205' title='bbox 443 3219 505 3308; x_wconf 76' lang='grc' dir='ltr'><strong><em>μὲν</em></strong></span> <span class='ocrx_word' id='word_1_206' title='bbox 519 3221 684 3306; x_wconf 82' lang='grc' dir='ltr'><strong><em>Ἕλληνες.</em></strong></span> 
     </span>
    </p>

    <p class='ocr_par' dir='ltr' id='par_1_7' title="bbox 245 3327 1354 3630">
     <span class='ocr_line' id='line_1_26' title="bbox 245 3327 1354 3416; baseline 0.004 -20"><span class='ocrx_word' id='word_1_207' title='bbox 245 3341 271 3396; x_wconf 88' lang='lat' dir='ltr'>X</span> <span class='ocrx_word' id='word_1_208' title='bbox 356 3330 426 3395; x_wconf 86' lang='lat'>160.</span> <span class='ocrx_word' id='word_1_209' title='bbox 449 3332 618 3407; x_wconf 89' lang='grc' dir='ltr'><strong><em>Διόνυσός</em></strong></span> <span class='ocrx_word' id='word_1_210' title='bbox 641 3328 709 3395; x_wconf 80' lang='grc' dir='ltr'><strong><em>ἐστι</em></strong></span> <span class='ocrx_word' id='word_1_211' title='bbox 733 3330 769 3394; x_wconf 86' lang='grc' dir='ltr'><strong><em>τὸ</em></strong></span> <span class='ocrx_word' id='word_1_212' title='bbox 793 3329 895 3416; x_wconf 78' lang='grc' dir='ltr'><strong><em>ἐντῷ</em></strong></span> <span class='ocrx_word' id='word_1_213' title='bbox 917 3327 999 3415; x_wconf 79' lang='grc' dir='ltr'><strong><em>πυρὶ</em></strong></span> <span class='ocrx_word' id='word_1_214' title='bbox 1021 3332 1202 3414; x_wconf 87' lang='grc' dir='ltr'><strong><em>γενόμενον</em></strong></span> <span class='ocrx_word' id='word_1_215' title='bbox 1219 3339 1354 3400; x_wconf 72' lang='lat' dir='ltr'><strong><em>erves</em></strong></span> 
     </span>
     <span class='ocr_line' id='line_1_27' title="bbox 272 3434 1297 3522; baseline 0 -20"><span class='ocrx_word' id='word_1_216' title='bbox 272 3447 426 3521; x_wconf 80' lang='grc' dir='ltr'><strong><em>πνεῦμα,</em></strong></span> <span class='ocrx_word' id='word_1_217' title='bbox 440 3435 590 3503; x_wconf 88' lang='grc' dir='ltr'><strong><em>τουτέστι</em></strong></span> <span class='ocrx_word' id='word_1_218' title='bbox 603 3435 640 3499; x_wconf 88' lang='grc' dir='ltr'><strong><em>τὸ</em></strong></span> <span class='ocrx_word' id='word_1_219' title='bbox 654 3438 793 3520; x_wconf 89' lang='grc' dir='ltr'><strong><em>θερμόν,</em></strong></span> <span class='ocrx_word' id='word_1_220' title='bbox 812 3436 895 3501; x_wconf 80' lang='grc' dir='ltr'><strong><em>ὅθεν</em></strong></span> <span class='ocrx_word' id='word_1_221' title='bbox 908 3434 963 3501; x_wconf 82' lang='grc' dir='ltr'><strong><em>καὶ</em></strong></span> <span class='ocrx_word' id='word_1_222' title='bbox 977 3439 1154 3521; x_wconf 91' lang='grc' dir='ltr'><strong><em>πυρίτοκος</em></strong></span> <span class='ocrx_word' id='word_1_223' title='bbox 1168 3434 1297 3522; x_wconf 80' lang='grc' dir='ltr'><strong><em>ἐκλήθη</em></strong></span> 
     </span>
     <span class='ocr_line' id='line_1_28' title="bbox 283 3539 1297 3630; baseline -0.001 -22"><span class='ocrx_word' id='word_1_224' title='bbox 283 3542 339 3609; x_wconf 83' lang='grc' dir='ltr'><strong><em>καὶ</em></strong></span> <span class='ocrx_word' id='word_1_225' title='bbox 353 3544 567 3630; x_wconf 83' lang='grc' dir='ltr'><strong><em>μηροτραφὴς</em></strong></span> <span class='ocrx_word' id='word_1_226' title='bbox 585 3539 639 3607; x_wconf 81' lang='grc' dir='ltr'><strong><em>καὶ</em></strong></span> <span class='ocrx_word' id='word_1_227' title='bbox 654 3541 881 3628; x_wconf 85' lang='grc' dir='ltr'><strong><em>ἀρσενόθηλυς</em></strong></span> <span class='ocrx_word' id='word_1_228' title='bbox 899 3541 964 3606; x_wconf 84' lang='grc' dir='ltr'><strong><em>ὑπὸ</em></strong></span> <span class='ocrx_word' id='word_1_229' title='bbox 977 3540 1154 3625; x_wconf 76' lang='grc' dir='ltr'><strong><em>Ἑλλήνων,</em></strong></span> <span class='ocrx_word' id='word_1_230' title='bbox 1173 3540 1297 3627; x_wconf 80' lang='grc' dir='ltr'><strong><em>ἀγνοη-</em></strong></span> 
     </span>
    </p>
   </div>
   <div class='ocr_carea' id='block_1_4' title="bbox 285 3679 1297 3809">
    <p class='ocr_par' dir='ltr' id='par_1_8' title="bbox 285 3679 1297 3809">
     <span class='ocr_line' id='line_1_29' title="bbox 355 3679 1297 3752; baseline -0.001 -17"><span class='ocrx_word' id='word_1_231' title='bbox 355 3702 379 3737; x_wconf 80' lang='lat' dir='ltr'><strong><em>v.</em></strong></span> <span class='ocrx_word' id='word_1_232' title='bbox 396 3689 411 3736; x_wconf 81' lang='grc'><strong>3</strong></span> <span class='ocrx_word' id='word_1_233' title='bbox 430 3683 510 3737; x_wconf 91' lang='lat' dir='ltr'><strong>Hom.</strong></span> <span class='ocrx_word' id='word_1_234' title='bbox 530 3680 560 3735; x_wconf 89' lang='grc' dir='ltr'><strong><em>Π.</em></strong></span> <span class='ocrx_word' id='word_1_235' title='bbox 580 3684 607 3741; x_wconf 75' lang='grc' dir='ltr'><em>Ξ</em></span> <span class='ocrx_word' id='word_1_236' title='bbox 624 3685 684 3735; x_wconf 77' lang='lat'>201.</span> <span class='ocrx_word' id='word_1_237' title='bbox 705 3686 756 3735; x_wconf 82' lang='lat'><strong><em>302</em></strong></span> <span class='ocrx_word' id='word_1_238' title='bbox 842 3685 877 3734; x_wconf 78' lang='lat'><strong><em>24</em></strong></span> <span class='ocrx_word' id='word_1_239' title='bbox 895 3679 1077 3751; x_wconf 81' lang='lat' dir='ltr'>Empedocles</span> <span class='ocrx_word' id='word_1_240' title='bbox 1095 3697 1119 3733; x_wconf 86' lang='lat' dir='ltr'><strong><em>v.</em></strong></span> <span class='ocrx_word' id='word_1_241' title='bbox 1134 3683 1186 3734; x_wconf 82' lang='grc'><strong><em>386</em></strong></span> <span class='ocrx_word' id='word_1_242' title='bbox 1207 3679 1297 3752; x_wconf 75' lang='lat' dir='ltr'>Stein,</span> 
     </span>
     <span class='ocr_line' id='line_1_30' title="bbox 285 3753 463 3809; baseline 0.006 -1"><span class='ocrx_word' id='word_1_243' title='bbox 285 3759 317 3809; x_wconf 86' lang='grc'><strong><em>19</em></strong></span> <span class='ocrx_word' id='word_1_244' title='bbox 337 3753 463 3809; x_wconf 80' lang='lat' dir='ltr'>Mullach</span> 
     </span>
    </p>
   </div>
   <div class='ocr_carea' id='block_1_5' title="bbox 354 3876 638 3934">
    <p class='ocr_par' dir='ltr' id='par_1_9' title="bbox 354 3876 638 3934">
     <span class='ocr_line' id='line_1_31' title="bbox 354 3876 638 3934; baseline 0 -2"><span class='ocrx_word' id='word_1_245' title='bbox 354 3897 378 3932; x_wconf 86' lang='lat' dir='ltr'><strong><em>v.</em></strong></span> <span class='ocrx_word' id='word_1_246' title='bbox 394 3883 427 3933; x_wconf 76' lang='lat'><strong><em>27</em></strong></span> <span class='ocrx_word' id='word_1_247' title='bbox 446 3878 495 3933; x_wconf 77' lang='grc' dir='ltr'><strong><em>καὶ</em></strong></span> <span class='ocrx_word' id='word_1_248' title='bbox 514 3876 591 3934; x_wconf 80' lang='lat' dir='ltr'><strong>omis.</strong></span> <span class='ocrx_word' id='word_1_249' title='bbox 610 3878 638 3932; x_wconf 79' lang='lat' dir='ltr'><strong><em>A</em></strong></span> 
     </span>
    </p>
   </div>
   <div class='ocr_carea' id='block_1_6' title="bbox 0 0 1542 4598">
    <p class='ocr_par' dir='ltr' id='par_1_10' title="bbox 0 0 1542 4598">
     <span class='ocr_line' id='line_1_32' title="bbox 0 0 1542 4598; baseline 0 6"><span class='ocrx_word' id='word_1_250' title='bbox 0 0 1542 4598; x_wconf 95' lang='lat' dir='ltr'><strong><em> </em></strong></span> 
     </span>
    </p>
   </div>
  </div>
 </body>
</html>
