3074 4598
641 495 847 552 PRAEFATIO
1163 502 1252 560 xxm

243 667 377 728 codicum
395 665 482 743 stirpi
499 664 664 726 necessario
682 662 807 724 tribuas.
842 683 937 743 neque
959 667 1059 725 tamen
1081 665 1109 724 lt
1131 686 1147 725 e
1169 667 1251 728 Pari·

242 755 306 815 sino
329 753 424 830 fluxit,
449 753 560 831 quippe
583 753 636 830 qui
657 752 713 813 illa
733 749 800 829 περὶ
822 753 982 832 ποσότητος
999 761 1058 814 τῶν
1075 751 1251 832 τικτομένων

242 842 389 918 omiserit,
417 834 514 919 neque
543 841 697 901 Parisinus
725 833 761 900 eir
782 840 822 916 R,
854 843 906 917 qui
936 843 1126 903 formicarum
1157 842 1252 904 otium

241 933 367 1010 ignoret.
413 949 490 1008 quae
512 949 580 990 cum
601 930 646 989 ita
669 927 743 1005 sint,
769 927 939 990 Parisinum
966 951 1001 991 ex
1027 931 1131 992 eodem
1153 932 1250 992 arche-

241 1025 315 1096 typo
334 1019 493 1079 deductum
511 1037 574 1079 esse
593 1021 727 1095 apparet,
751 1035 767 1075 c
792 1035 851 1094 quo
869 1018 953 1095 illud,
972 1020 1055 1080 cuius
1072 1021 1099 1080 R
1115 1020 1250 1080 lisohen·

243 1107 392 1168 dordanus
424 1106 534 1184 reliqui
565 1106 696 1167 eiusdem
728 1105 844 1184 generis
871 1111 940 1166 sunt
970 1110 1150 1187 apographa.
1195 1110 1250 1170 hoc

240 1200 343 1257 autem
374 1197 570 1274 archetypum
597 1216 658 1257 non
688 1195 789 1273 ipsum
820 1192 1014 1255 Laurentium
1044 1197 1136 1258 fuisse
1163 1201 1250 1258 autu·

239 1285 400 1362 mabimus,
428 1286 480 1346 sed
503 1285 708 1347 collectionem
730 1304 747 1344 e
768 1282 906 1360 plurimis
929 1284 1065 1361 epitomis
1088 1290 1250 1364 consutam,

238 1374 270 1433 id
289 1374 368 1452 quod
392 1374 494 1434 ordine
518 1373 773 1454 paragraphorum
787 1390 805 1430 a
818 1371 894 1432 libro
913 1372 949 1432 de
967 1373 1114 1432 mensibus
1133 1374 1249 1436 diverso

240 1463 461 1525 demonstratur
492 1468 523 1524 ct
553 1465 666 1524 inserta
704 1461 909 1538 disquisitione
942 1460 978 1521 de
1012 1460 1164 1539 Danubio,
1201 1465 1250 1523 cui

240 1552 365 1614 alterius
389 1553 543 1613 cuiusdam
561 1549 692 1612 auctoris
711 1550 876 1610 doctrinam
893 1549 988 1610 inesse
1007 1568 1096 1626 supra
1114 1550 1248 1613 diximus.

239 1641 334 1702 fusius
363 1647 465 1703 autem
498 1641 534 1702 de
560 1643 617 1703 hoc
642 1639 780 1699 Parisino
808 1639 907 1700 codice
939 1638 1075 1714 disserui,
1108 1640 1251 1716 quoniam-

239 1732 392 1808 exemplar
413 1730 703 1808 praestantissimum
730 1732 775 1789 est
802 1727 960 1807 singularis
983 1727 1136 1788 cuiusdam
1157 1728 1247 1789 tradi·

237 1820 328 1879 tionis
351 1818 519 1896 Lydianae,
549 1819 588 1879 ad
615 1837 706 1896 quam
726 1818 927 1878 recensionem
952 1816 1072 1895 plurimi
1098 1818 1249 1895 pertinent

239 1906 371 1982 codices,
409 1908 461 1984 qui
501 1925 602 1967 omnes
638 1906 757 1967 eosdem
791 1908 936 1966 tractatus
973 1906 1075 1966 eodem
1111 1906 1249 1968 exhibent

240 1995 352 2070 ordine,
386 2014 446 2072 quo
469 1995 623 2055 Parisinus
649 1995 715 2068 ille;
748 2012 876 2070 quorum
903 2014 993 2071 quam
1019 1997 1085 2054 arta
1111 1996 1191 2056 inter
1217 2013 1248 2056 se

238 2083 377 2162 cognatio
405 2083 445 2142 sit
480 2083 631 2160 inquirere
658 2081 823 2158 supersedi:
860 2101 955 2159 neque
986 2083 1059 2142 certi
1086 2084 1248 2160 quidquam

237 2171 273 2232 de
302 2190 338 2231 ea
365 2171 531 2249 poterimus
563 2170 727 2245 affirmare,
758 2170 806 2230 tot
837 2170 984 2231 codicibus
1016 2170 1067 2248 qui
1098 2172 1247 2248 quondam

234 2260 391 2336 intereos,
411 2261 463 2337 qui
476 2260 563 2320 hodie
586 2259 699 2333 extant,
719 2259 955 2335 intercesserunt,
977 2278 1063 2318 cursu
1080 2264 1247 2336 temporum

238 2349 409 2425 deperditis.
455 2348 507 2410 sed
528 2349 591 2409 iam
613 2348 651 2416 ad
679 2348 811 2424 reliquos
839 2345 968 2407 eiusdem
995 2349 1110 2427 generis
1133 2349 1247 2410 codices

234 2441 429 2497 transeamus.

301 2527 331 2584 2.
353 2526 559 2586 Vaticanus
585 2524 778 2585 Palatinus
811 2543 960 2605 graecus
984 2527 1038 2601 13,
1064 2545 1155 2603 quem
1176 2526 1246 2587 scri·

233 2617 320 2691 ptum
349 2632 413 2674 esse
442 2632 520 2674 anno
548 2634 576 2691 p.
601 2613 668 2674 chr.
690 2632 719 2674 n.
744 2615 830 2674 1167
854 2632 873 2673 a
899 2613 1025 2693 Georgio
1053 2613 1245 2675 (tammar'eno

236 2705 382 2782 regnante
416 2702 556 2780 Byzantii
591 2703 728 2763 Manuale
765 2701 913 2763 Gomneno
950 2702 1035 2763 docet
1068 2702 1245 2781 subscriptio

234 2793 255 2851 l.
276 2793 365 2853 348'.
407 2791 512 2851 eadem
534 2810 611 2870 quae
633 2810 652 2852 a
673 2790 741 2852 Par.
764 2813 808 2870 gr.
834 2793 917 2854 1346
945 2791 1057 2852 ultimis
1083 2791 1172 2852 huius
1199 2811 1245 2853 co·

234 2880 308 2940 dicis
335 2880 417 2943 foliis
445 2872 534 2962 (347.
563 2873 641 2964 348)
674 2880 835 2941 traduntur
860 2880 1034 2942 lectionibus
1060 2881 1111 2942 rix
1138 2882 1243 2942 discre-

232 2969 382 3045 pentibus.

301 3059 329 3116 3.
352 3058 555 3118 Vaticanus
587 3076 737 3135 graecus
767 3059 831 3117 854
859 3076 880 3117 s.
907 3058 966 3117 XII
997 3058 1098 3118 eadem
1128 3057 1246 3118 exhibet

232 3145 251 3204 f.
277 3146 359 3204 265τ
381 3164 446 3222 sqq.

298 3234 327 3291 4.
350 3233 554 3293 Vaticanus
583 3250 734 3312 graecus
758 3234 822 3294 855
850 3251 872 3293 s.
894 3234 951 3292 XV
977 3234 1009 3292 in
1035 3233 1093 3293 line
1120 3233 1261 3294 mutilus-

233 3322 395 3396 consentit,
437 3324 584 3398 quatenus
622 3321 739 3400 integer
779 3324 825 3381 est
861 3313 967 3403 (usque
1003 3322 1042 3382 ad
1077 3319 1127 3383 καὶ
1162 3321 1243 3400 ento

232 3430 262 3485 p.
285 3412 391 3484 41,13
416 3401 517 3492 Trea),
544 3411 589 3469 ite
616 3428 685 3470 cum
717 3409 815 3470 codice
837 3408 976 3470 Palatino
1000 3413 1054 3486 13,
1085 3415 1120 3470 ut
1147 3431 1182 3469 ex
1209 3430 1244 3472 eo

233 3498 373 3557 videatur
401 3517 463 3558 esse
492 3499 666 3575 exscriptus3
694 3497 726 3558 id
754 3499 833 3575 quod
858 3498 919 3558 iam
944 3499 1060 3559 monuit
1083 3498 1114 3559 (i.
1136 3498 1243 3558 Krum·

232 3586 343 3647 bacher
366 3579 538 3668 (Sita'Ber.
562 3587 614 3647 der
635 3586 754 3647 Miinch.
777 3587 874 3647 Akad.
893 3589 978 3650 1892
996 3608 1024 3665 p.
1043 3585 1130 3666 344).

300 3677 329 3734 5.
351 3674 543 3737 Parisinus
565 3693 714 3754 graecus
735 3677 821 3735 1310
840 3676 1009 3736 chartaceus
1028 3695 1049 3736 s.
1063 3677 1120 3736 XV
1133 3677 1154 3735 f.
1168 3677 1243 3751 444,

233 3763 368 3824 continet
389 3765 457 3824 inde
481 3782 500 3824 a
522 3765 594 3825 folio
618 3766 699 3823 442¹
713 3796 749 3807 -—
765 3769 801 3824 ut
817 3764 976 3825 inventarii
989 3765 1085 3826 verbis
1103 3768 1173 3824 utar
1187 3784 1243 3823 -r

234 3847 399 3929 ‘Anonymi
444 3853 619 3930 opusculum
660 3852 696 3912 de
739 3855 882 3931 quattuor
922 3853 1053 3931 paradisi
1093 3853 1244 3915 terrestris
