3074 4598
205 453 208 460 ’
297 465 342 531 24
683 453 794 510 LIBER
811 454 931 510 ALTER

255 640 282 695 Y
295 628 333 695 τὸ
352 627 416 714 γάρ
436 626 555 710 ἀρτιον
572 614 675 702 μέσον
692 617 870 685 διασπᾶται
889 618 1123 705 διαιρούμενον
1140 626 1201 684 τοῦ
1221 614 1312 693 ἕνόςί·

295 736 399 821 μόνος
428 726 466 796 δὲ
496 724 683 809 ἀδιαίρετος
712 724 731 791 6
761 727 922 812 περιττός.
972 726 990 793 6
1019 721 1080 810 μὲν
1108 727 1171 811 ηάρ
1202 726 1318 810 ἀρρην

297 839 443 927 ἀριθμὸς
465 831 682 917 τετράγωνος,
705 831 792 918 αὐγὴ
814 831 870 898 καὶ
887 844 969 918 φῶς,
992 831 1024 911 ἐξ
1045 833 1192 916 ἰσότητος
1209 837 1310 897 πλευ-

295 958 366 1034 ρῶν
398 938 579 1022 συνεστώς,
616 937 635 1004 6
668 935 705 1005 δὲ
737 944 846 1023 θηλυς
877 938 1087 1026 ἑτερομήκης,
1116 939 1222 1004 νύκτα
1252 935 1308 1003 καὶ

269 1053 417 1118 εσκότον
439 1047 531 1142 έηονΙ
549 1045 606 1109 διά
628 1045 690 1130 την
712 1045 904 1130 ἀνισότητα·
927 1038 1015 1112 ὁδε
1029 1044 1225 1133 ἕτερομηκης
1247 1045 1310 1128 την

294 1151 358 1242 μέν
381 1151 540 1217 ἐλάττονα
562 1152 710 1236 πλευρὰν
732 1151 891 1218 ἐλάττονα
908 1153 975 1236 ἔχει
994 1149 1054 1236 ἑνί,
1076 1152 1136 1236 την
1153 1147 1192 1217 δὲ
1209 1155 1307 1237 μείζω

294 1255 530 1347 περιττοτέραν
557 1255 617 1323 ένί.
663 1258 747 1324 ὥστε
774 1258 792 1324 6
820 1258 882 1328 δύο
910 1256 1054 1344 ἀριθμὸς
1080 1257 1120 1323 οὐ
1147 1260 1307 1346 καθαρός,

293 1375 429 1450 πρῶτον
451 1362 528 1449 μέν,
557 1365 608 1431 ὅτι
629 1366 725 1442 κενός
749 1361 896 1430 ἐστικαὶ
918 1363 959 1430 οὐ
981 1366 1113 1447 ναστός,
1140 1365 1179 1431 τὸ
1202 1362 1240 1432 δὲ
1262 1367 1307 1450 μη

294 1476 418 1558 πλῆρες
441 1470 482 1536 οὐ
504 1474 669 1558 καθαρόν,
692 1471 776 1557 ἀρχὴ
799 1468 837 1538 δὲ
860 1470 1009 1556 ἀπειρίας
1028 1467 1083 1534 καὶ
1101 1469 1309 1554 ἀνισότητος·

173 1563 176 1570 ’
255 1604 281 1644 10
296 1576 447 1662 ἀπειρίας
469 1572 532 1662 μὲν
559 1579 616 1643 διά
643 1578 704 1660 τὴν
732 1577 831 1661 ὕλην,
862 1576 1055 1660 ἀνισότητος
1080 1572 1118 1641 δέ
1144 1576 1202 1641 διά
1227 1577 1308 1653 τοὺς

295 1682 516 1770 ἑτερομήκεις·
544 1683 629 1748 ὅθεν
656 1683 688 1747 ολ
714 1680 852 1748 παλαιοὶ
873 1683 919 1759 ὡς
945 1681 1031 1765 ὕλην
1055 1680 1110 1747 καὶ
1133 1679 1307 1769 ἑτερότητα

240 1800 297 1858 XY
311 1790 373 1875 την
400 1790 509 1855 δυάδα
537 1789 844 1875 παραλαμβάνουσι.
888 1791 1014 1874 τόλμαν
1035 1784 1073 1855 δὲ
1094 1787 1149 1855 καὶ
1172 1790 1205 1855 ολ
1229 1786 1306 1875 περὶ

298 1897 493 1984 Φερεκύδην
535 1895 694 1962 ἐκάλεσαν
739 1896 801 1980 την
841 1895 964 1982 δυάδα,
1009 1894 1064 1962 καὶ
1103 1897 1211 1982 ὁρμὴν
1250 1894 1307 1962 καὶ

296 2002 399 2083 δόξαν
425 2008 602 2089 καλοῦσιν,
630 2004 681 2070 ὅτι
710 2004 748 2070 τὸ
778 1997 903 2088 ἀληθὲς
930 2001 986 2069 καὶ
1014 2001 1133 2084 ψευδὲς
1161 2003 1199 2070 έν
1225 2002 1307 2090 δόξη

253 2110 373 2178 Υέστί.
417 2111 627 2196 πανσόβητος
653 2112 716 2198 γάρ
743 2109 765 2195 η
787 2110 851 2194 ὕλη
877 2109 934 2176 καὶ
961 2112 1098 2188 ἀστατος
1122 2109 1179 2176 καλ
1203 2115 1307 2176 πολυ-

253 2241 280 2282 ιε
293 2217 490 2303 μετάβολος,
531 2221 725 2303 κακοπαθης
761 2241 796 2284 τε
831 2215 887 2283 καὶ
922 2219 1036 2284 πόνων
1070 2218 1306 2302 ὑπομονητικη,

293 2325 377 2389 κατὰ
404 2324 510 2409 φάσιν
537 2325 575 2391 τὸ
604 2324 762 2411 μεριστὸν
787 2322 843 2390 καλ
870 2323 1006 2400 διεστὼς
1032 2325 1165 2408 ἔχουσα·
1194 2323 1213 2390 6
1241 2326 1307 2408 μάρ

272 2417 273 2420 ¹
294 2430 383 2510 ἀξων
405 2428 505 2516 μέσος
527 2433 585 2498 διά
606 2433 730 2507 παντὸς
747 2431 838 2515 ἧκον
855 2440 916 2498 τοῦ
934 2431 1080 2516 οὐρανοῦ
1097 2442 1226 2515 πρῶτος
1244 2433 1307 2516 την

294 2540 342 2615 εἰς
366 2536 428 2604 δύο
451 2537 557 2621 τομὴν
578 2535 635 2602 καὶ
657 2536 722 2602 ἀπὸ
745 2546 806 2603 τοῦ
825 2535 899 2615 ἑνὸς
916 2535 1097 2602 ἀπόστασιν
1113 2536 1306 2622 ὑποφαίνει,

255 2668 281 2709 εο
295 2651 401 2721 αίτιος
424 2641 461 2710 δὲ
483 2654 542 2729 τῆς
563 2645 669 2728 πάσης
688 2652 750 2709 τοῦ
769 2645 933 2728 αἰσθητοῦ
950 2646 1108 2727 κινήσεως
1124 2641 1182 2708 καὶ
1197 2645 1305 2728 πάντη

246 2783 252 2791 ·
294 2764 362 2818 τῶν
394 2762 524 2836 νοητῶν
555 2749 803 2836 κεχωρισμένος.
861 2749 961 2815 ταῦθ’
993 2749 1097 2828 οὕτως
1132 2751 1251 2833 ἔχοντα
1286 2749 1305 2815 6

293 2861 435 2942 Νουμᾶς
461 2855 572 2943 εὑρὼν
589 2856 759 2940 Ῥωμαίοις
780 2856 840 2921 τὸν
867 2856 985 2921 δυικδν
1011 2855 1157 2941 ἀριθμὸν
1181 2855 1306 2940 ἀπηγό

294 2983 414 3052 ρευσεν
437 2964 474 3030 ἐν
496 2973 569 3040 ταῖς
596 2960 737 3047 ἑορταῖς·
764 2956 844 3026 οὐδὲ
866 2963 930 3048 γὰρ
953 2961 1156 3048 ἀριθμοῦσιν
1180 2963 1212 3029 ολ
1230 2960 1305 3027 ‘aff

294 3082 402 3157 μαῖοι,
426 3072 535 3154 ὥσπερ
559 3069 624 3154 πρὸ
647 3069 817 3153 τεσσάρων
838 3066 895 3133 καὶ
917 3079 1034 3153 τριῶν,
1057 3067 1142 3134 οὕτω
1165 3067 1221 3134 καὶ
1238 3070 1303 3155 πρὸ

254 3200 281 3241 2⁵
295 3179 358 3244 δύο
381 3178 548 3262 λέγοντες·
572 3177 616 3253 ὡς
638 3173 692 3239 καὶ
708 3172 883 3258 Ἀθηναῖοι
905 3176 943 3241 τὸ
964 3173 1046 3260 πρὶν
1067 3175 1128 3258 τὴν
1145 3174 1305 3263 δευτέραν

364 3411 421 3460 ml
445 3404 477 3459 τδ
501 3403 554 3475 γάρ
573 3434 608 3446 -
628 3409 661 3457 12
683 3400 935 3474 παραλαμβάνουσι
957 3401 1035 3456 omis.
1058 3403 1090 3457 X
1120 3405 1126 3471 Ι
1159 3400 1243 3471 μέσον
1270 3400 1305 3459 ὃν

294 3479 448 3531 διασπᾶται
465 3476 500 3544 Y,
520 3472 554 3530 δν
572 3473 692 3539 ᾶο1.1ίτ,
711 3475 863 3528 διασπᾶται
881 3474 914 3527 οὗ
928 3472 1056 3528 Nokkius
1072 3475 1077 3543 Ι
1092 3474 1304 3544 διαιρούμενον

293 3547 403 3615 DFG,
426 3544 614 3615 διαρουμένον
638 3544 736 3600 GEM
818 3546 985 3606 4συνιστάς
1001 3544 1032 3598 D
1113 3550 1257 3613 8πρῶτος
1273 3545 1304 3600 D

295 3623 328 3671 12
347 3615 452 3686 τόλμαν
474 3615 506 3672 δὲ
529 3617 619 3686 αὐτὴν
640 3617 689 3670 καλ
712 3614 801 3685 ὁρμὴν
823 3631 880 3683 οηε.
904 3615 933 3670 Y
1005 3619 1039 3669 13
1057 3615 1145 3686 ὁρμὴν
1163 3616 1230 3670 ΑΥ
1257 3636 1304 3671 το·

314 3688 350 3758 ην
368 3688 396 3743 B
469 3693 503 3741 ιι
521 3687 711 3742 ammom
729 3686 762 3741 x
781 3686 786 3758 ι
810 3683 934 3755 &moze
950 3686 979 3741 A
1050 3692 1084 3740 ιε
1102 3685 1166 3741 ται.
1194 3659 1305 3759 reiiqua

294 3708 377 3812 6uius
399 3757 572 3829 paragraphi
595 3757 674 3813 omis.
692 3758 725 3812 X
809 3763 842 3811 16
860 3755 1064 3826 όπομονητιιός
1082 3758 1112 3812 Β
1194 3764 1227 3813 17
1246 3761 1303 3813 διε-

294 3827 358 3893 στός
375 3829 406 3883 D
478 3834 513 3883 20
531 3838 580 3899 τῆς
597 3828 699 3901 πάσης]
717 3836 776 3890 τοῖς
793 3835 861 3882 πᾶσι
879 3827 918 3881 Μ
987 3833 1020 3882 22
1039 3829 1144 3898 νοάμας
1160 3829 1191 3883 Β
