3074 4598
625 520 832 578 PRAEFATIO
1184 531 1234 587 LV

218 693 279 753 niti
302 689 441 765 solemus,
472 688 634 747 lectionum
661 687 806 764 varietas,
836 692 955 752 omniuo
981 691 1042 752 fere
1069 711 1123 752 nos
1150 695 1232 755 dere-

220 778 340 855 linquit.
389 779 424 835 ut
452 776 532 836 enim
557 775 657 851 ipsum
684 775 880 853 archetypum
906 781 1118 840 circaannum
1146 784 1231 845 1300

221 865 420 941 conscriptum
442 867 489 925 est
511 864 635 940 eiusque
659 865 833 942 apographa
856 866 895 926 ad
916 888 1008 929 uuum
1030 868 1130 930 omnia
1151 871 1232 930 intra

221 956 363 1015 ducentos
390 953 428 1013 ab
454 953 509 1012 illo
537 952 665 1011 teumino
690 970 784 1013 annos
812 955 946 1017 coniectu
972 961 1053 1033 sunt,
1080 976 1176 1034 neque
1198 959 1230 1017 in

220 1044 377 1103 verborum
398 1061 477 1102 nexu
503 1039 705 1120 intellegendo
728 1060 824 1118 neque
842 1042 876 1101 iu
897 1044 1093 1107 describendis
1115 1046 1230 1106 littora·

220 1152 288 1193 rum
318 1129 454 1191 ductibus
486 1131 590 1190 tantae
621 1130 742 1189 inerant
771 1129 975 1209 difficultates,
1006 1138 1136 1212 quantae
1167 1153 1230 1196 esse

220 1221 326 1297 solent,
348 1239 415 1280 cum
437 1219 473 1279 de
496 1219 692 1280 remotiorum
714 1221 883 1295 temporum
900 1221 1046 1283 codicibus
1065 1224 1229 1284 describen-

220 1311 266 1370 dis
289 1311 397 1390 agitur.
443 1328 503 1387 quo
525 1310 638 1369 factum
661 1310 720 1384 est,
746 1310 783 1367 ut
805 1309 905 1368 omnia
927 1313 1098 1388 apographa
1120 1313 1159 1372 ad
1180 1313 1230 1372 lit·

219 1401 316 1459 torum
345 1400 406 1459 fere
436 1400 625 1461 consentiant
654 1415 722 1458 cum
750 1397 817 1475 ipso
846 1397 969 1457 Maximi
998 1400 1172 1476 archetypo:
1204 1403 1230 1461 si

219 1508 290 1550 vero
314 1521 356 1531 -
379 1492 414 1549 ut
435 1489 591 1549 mitissimo
619 1486 711 1546 verbo
738 1487 784 1545 uti
811 1486 902 1547 liceat
926 1519 966 1528 -
990 1486 1064 1547 duae
1092 1506 1139 1547 res
1162 1508 1229 1549 cum

218 1580 311 1639 tertia
332 1579 461 1656 quadam
484 1579 665 1656 congruunt,
693 1593 743 1636 eas
767 1579 798 1635 et
818 1576 899 1636 inter
921 1595 951 1636 se
974 1593 1132 1655 congruere
1157 1596 1229 1654 opus

218 1672 273 1728 est.
319 1672 410 1745 atque
433 1669 640 1744 excerptorum
663 1664 785 1742 quidem
811 1684 847 1725 ex
868 1666 935 1742 ipsa
957 1664 1108 1724 Plauudea
1130 1684 1230 1726 receu-

219 1758 301 1818 sione
332 1758 480 1817 factorum
508 1756 623 1816 codices
650 1754 730 1830 MN,
757 1757 794 1814 ut
820 1755 931 1815 saeculi
958 1757 1028 1814 sunt
1052 1753 1125 1814 XIV
1151 1773 1230 1815 eam-

218 1866 278 1923 que
302 1846 339 1906 ob
361 1865 424 1904 rem
446 1846 579 1921 proxime
603 1843 750 1904 accedunt
771 1842 811 1904 ad
832 1844 955 1904 Maximi
976 1847 1120 1922 tmpore,
1148 1846 1230 1905 recta

218 1935 269 1994 via
282 1953 318 1994 ex
332 1933 394 1992 eius
404 1934 577 2011 apographo
586 1933 728 1992 videntur
740 1931 937 1993 descendisse:
951 1936 1093 2010 procerte
1109 1932 1231 2010 quidem

218 2021 367 2081 affirmare
389 2039 555 2096 possumus,
577 2021 655 2079 nihil
676 2021 714 2079 iis
737 2020 780 2079 rei
804 2038 867 2080 esse
891 2040 958 2080 cum
975 2020 1097 2098 reliquis
1116 2023 1229 2097 plenio-

216 2110 298 2171 ribus
313 2108 472 2184 codicibus,
492 2109 544 2185 qui
562 2109 601 2168 ad
614 2128 707 2166 uuum
722 2126 823 2167 omnes
838 2109 1010 2169 recentioris
1024 2113 1095 2170 suut
1108 2109 1229 2185 aetatis;

216 2202 374 2278 praeberes
396 2200 497 2258 autem
519 2197 545 2256 L
569 2215 688 2274 quoque
710 2199 873 2272 seponatur
894 2215 1010 2257 necesse
1033 2200 1091 2273 est,
1120 2199 1229 2275 quippe

217 2287 270 2365 qui
286 2287 407 2348 brevem
424 2288 544 2346 tantum
561 2284 715 2346 contineat
727 2287 898 2361 motatum,
917 2285 1000 2346 cuius
1013 2286 1114 2345 variae
1128 2285 1231 2347 lectio·
1248 2315 1250 2319 ’

216 2395 268 2438 nes
288 2376 361 2438 adeo
385 2378 456 2436 sunt
477 2392 600 2452 paucae,
622 2377 658 2433 ut
680 2373 719 2432 ad
742 2373 938 2434 definiendam
961 2374 1066 2434 codicis
1085 2374 1229 2454 originem

217 2466 293 2526 nihil
315 2464 444 2525 valeant.
490 2467 638 2541 quantum
664 2481 736 2523 vero
760 2463 798 2523 ad
824 2463 956 2540 reliquos
984 2464 1092 2525 attinet
1115 2465 1229 2523 codices

218 2552 382 2629 ODEEE,
410 2552 590 2630 comparatis
612 2552 693 2610 inter
720 2569 750 2611 se
774 2571 877 2612 eorum
899 2551 1072 2612 lectionibus
1095 2551 1127 2610 id
1149 2552 1229 2612 vide·

215 2646 269 2704 tur
296 2641 385 2716 effici,
414 2641 474 2700 DE
502 2640 597 2701 antius
631 2639 712 2699 inter
739 2659 769 2700 se
797 2640 952 2701 cohaerere
978 2640 1109 2717 itomque
1137 2639 1230 2701 OEG.

216 2729 397 2791 enumerabo
421 2733 534 2804 autem,
560 2750 599 2789 ne
620 2729 730 2808 longus
753 2730 818 2804 sim,
841 2730 933 2790 trium
955 2731 1088 2807 priorum
1110 2731 1226 2790 tentum

214 2819 362 2881 librorum
383 2818 535 2895 lectiones,
557 2817 667 2896 quibus
690 2817 721 2877 id
745 2819 977 2880 demonstretur:

214 2999 315 3076 p.8,7
379 2997 485 3070 κτίζειν
507 2994 615 3077 ἤρξατο
636 2996 696 3056 DE
751 2993 858 3076 ἤρξατο
884 2997 989 3070 κτίζειν
1012 2995 1095 3058 OEG

257 3088 362 3163 21,20
380 3091 483 3146 πυλῶν
505 3086 565 3146 DE
750 3089 867 3146 πολλῶν
891 3083 974 3145 OFG

258 3176 338 3249 24,1
381 3172 588 3254 διαιρούμενον
606 3171 698 3234 DEG
752 3171 960 3252 διαιρουμένου
983 3172 1073 3233 OEM

257 3263 308 3339 26,
320 3265 360 3322 17
379 3262 541 3340 κινήματος
552 3260 698 3342 σχήματος
751 3259 897 3338 κινήματα
919 3259 1060 3342 σχήματος
1083 3261 1176 3321 EGM

319 3441 361 3499 20
380 3438 600 3521 μεσοορᾶνισμα
616 3439 676 3499 DE
751 3437 961 3518 μεσουράνημα
986 3439 1049 3498 rell.
1077 3434 1116 3517 (E
1139 3431 1228 3522 corr.)

253 3529 360 3602 30,18
381 3527 429 3588 διὰ
452 3527 539 3588 GDE
751 3525 800 3586 δία
821 3524 915 3586 FGM

256 3617 358 3692 31‚11
380 3607 418 3695 ἦν
441 3614 475 3676 ἐν
497 3616 576 3678 αὐτῶ
600 3616 683 3677 OEF
750 3606 789 3693 ἦν
812 3613 892 3676 αὐτῶ
913 3615 977 3675 DM

256 3705 338 3781 39,8
380 3703 545 3786 οὐρηβόλον
567 3705 626 3766 DE
751 3703 919 3784 οὐμηβόρον
941 3702 1024 3764 OFG

252 3792 434 3876 45,17γὰρ
456 3793 516 3853 DE
749 3783 804 3854 cdv
827 3791 911 3852 ΟΝ

254 3884 338 3958 48,8
379 3880 526 3965 χωρηθεὶς
548 3883 607 3943 DE
749 3879 975 3963 παραχωμηθεὶς
997 3881 1080 3943 OEG
