3074 4598
645 507 851 564 PRAEFATIO
1215 510 1256 566 XI

242 698 357 753 ramus,
385 677 588 738 Laurentiano
611 675 691 734 iibro
721 673 758 733 de
782 673 939 735 mensibus.
984 674 1023 733 ad
1051 675 1128 734 hanc
1155 678 1255 737 autem

244 766 483 843 disquisitionem
521 761 738 823 instituendam
776 780 827 821 sex
863 764 980 839 quidem
1015 764 1109 826 totius
1146 764 1254 826 codicis

243 855 344 933 capita
361 853 578 932 distinguenda
599 851 674 911 mihi
696 849 835 910 videntur
857 870 933 913 asse:

310 981 338 1038 1.
349 978 427 1037 Trou
436 998 464 1055 p.
476 975 656 1050 3,1-9,13.
680 971 747 1052 περί
753 965 942 1055 Ἀδιαβηνῆς,
949 974 1161 1058 Αὐχουστείου,
1168 972 1253 1057 ἇτρα·

680 1063 821 1142 βατικῶν,
851 1059 1044 1144 ἀγαλμάτων,
1078 1063 1254 1145 Αὐγούστου

677 1148 780 1230 μηνός,
802 1149 978 1232 Αὐγούστου
1000 1152 1142 1234 εὐτυχίας,
1169 1149 1254 1234 tyda-

677 1261 766 1319 ματος
797 1235 830 1299 ἐν
865 1237 968 1326 πέτρᾳ,
1003 1239 1151 1323 ἀνδρείας,
1181 1238 1252 1302 ἄλλο

677 1325 744 1404 περὶ
765 1330 872 1388 Γετῶν.

311 1423 339 1481 2.
362 1441 391 1497 p.
413 1421 654 1497 s,14-21,24.
676 1414 744 1497 περὶ
766 1420 886 1511 στηλῶν.

310 1529 338 1588 3.
353 1549 382 1605 p.
398 1528 654 1604 aras-2534.
677 1521 751 1603 ἀρχὴ
777 1531 830 1584 τοῦ
852 1525 873 1603 β
899 1524 1046 1604 στοιχείου.
1088 1523 1158 1606 ,περὶ
1183 1527 1255 1607 Βρε-

677 1611 807 1692 ταννίας,
829 1613 965 1694 Βεσβίου,
986 1613 1128 1694 Βρεττίας.

308 1709 337 1766 4.
352 1727 381 1784 p.
398 1705 656 1780 atat-saal.
679 1699 746 1782 περί
773 1701 987 1775 οἰωνοσκοπίας
1012 1711 1071 1763 τῶν
1099 1700 1253 1786 Οὐοίρνων.

677 1796 816 1852 secuntur
845 1792 906 1852 alia
933 1793 969 1852 de
997 1791 1129 1871 auguriis
1159 1793 1253 1870 deque

678 1881 861 1942 divinatione
885 1901 920 1942 ex
939 1882 1063 1942 ostentis
1080 1881 1253 1943 haurienda

310 1973 338 2031 5.
351 1991 381 2048 p.
398 1971 653 2044 38,22-47‚33.
677 1968 744 2048 περί
768 1970 969 2050 βρουμαλίων,
1001 1968 1148 2050 βισὲξτου,
1176 1968 1254 2054 γενέ-

677 2073 749 2130 σεως
785 2055 967 2137 ἀνθρώπου,
1002 2059 1164 2138 ποσότητος
1194 2069 1253 2120 τῶν

628 2175 630 2180 ¹
677 2141 868 2223 τικτομένων,
889 2141 1002 2226 Ἴστρου
1029 2157 1082 2208 τοῦ
1109 2156 1254 2228 ποταμοῦ,

678 2230 831 2312 πιπέρεως,
853 2230 938 2312 ἡλίου
961 2232 1012 2295 καὶ
1036 2234 1171 2316 σελήνης,
1198 2255 1254 2298 σει·

676 2321 1254 2405 σμῶν,σκηπτῶν,πυρόεντοςκεραυνοῦ.

311 2416 338 2474 6.
361 2434 390 2491 p.
410 2415 481 2488 48,1
504 2410 653 2471 adfinem
677 2406 718 2488 (p.
738 2407 865 2489 suls).
894 2413 1004 2474 scholia
1025 2414 1109 2490 varia
1131 2414 1163 2473 in
1182 2414 1255 2476 Dio-

676 2500 797 2576 nysium
835 2501 1016 2582 periegetam
1052 2507 1083 2563 et
1117 2502 1254 2579 drotum,

678 2588 824 2666 imprimis
847 2590 1044 2670 geographica
1063 2595 1094 2652 et
1110 2590 1176 2672 περί
1193 2601 1252 2653 τῶν

678 2676 834 2757 οὐρανίων.

309 2785 375 2845 Imn
397 2805 468 2846 vero
492 2805 528 2845 ex
548 2787 606 2846 hac
628 2784 760 2861 capitum
778 2784 986 2846 distributione
1004 2789 1140 2864 apparet,
1162 2788 1253 2864 quod·

243 2893 315 2933 nam
329 2875 485 2935 consilium
503 2875 623 2953 ignotus
641 2874 694 2934 ille
713 2877 816 2934 auctor
833 2877 950 2935 secutus
969 2875 1016 2950 sit,
1039 2894 1106 2935 cum
1124 2877 1253 2936 codicem

243 2967 378 3023 nostrum
401 2963 449 3027 rel
473 2964 536 3024 eius
554 2964 748 3039 archetypum
766 2963 973 3024 conscriberet:
995 2964 1051 3026 hoc
1069 2965 1148 3024 enim
1164 2965 1253 3025 habe·

242 3050 299 3111 ,bat
319 3053 352 3112 in
369 3052 486 3128 animo,
507 3055 543 3111 ut
565 3051 742 3130 glossarium
761 3050 916 3112 conficeret
932 3052 1087 3113 universae
1105 3053 1254 3133 scientiae,

244 3140 406 3199 secundum
425 3141 558 3220 singmas
576 3141 694 3200 litteras
712 3140 868 3217 digestum,
890 3140 921 3199 id
939 3140 1017 3218 quod
1035 3141 1254 3202 demonstratur

243 3227 334 3304 primi
357 3228 465 3305 capitis
487 3228 599 3303 titulis,
626 3228 678 3305 qui
696 3226 735 3286 ad
757 3247 848 3286 unum
875 3247 975 3288 omnes
997 3247 1016 3287 a
1041 3229 1144 3289 littera
1166 3234 1186 3290 ἆ
1208 3231 1253 3290 in·

243 3315 371 3395 cipiunt,
395 3320 426 3376 et
448 3318 538 3378 tertio
561 3317 673 3393 capite,
696 3317 778 3376 cuius
800 3316 886 3378 initio
910 3316 1090 3393 adscriptum
1114 3321 1159 3378 est
1180 3316 1253 3399 ἀρχὴ

243 3444 296 3485 του
312 3425 339 3503 Ιβ
361 3423 517 3502 στοιχείου,
541 3423 675 3501 itemque
702 3441 821 3483 monere
848 3423 950 3499 liceat,
973 3443 1005 3500 p.
1023 3426 1132 3497 ·4d,25
1156 3426 1254 3502 prima

242 3514 391 3573 uocaus
413 3509 479 3592 περὶ
502 3510 662 3592 πυρόεντος
684 3519 833 3590 κεραυνοῦ
855 3510 946 3571 verba
968 3529 1031 3572 esse
1057 3509 1253 3591 προέφθημεν

245 3601 292 3675 εἰς,
310 3600 384 3662 cod
413 3606 556 3681 στοιχεῖον
585 3600 716 3672 εἰπόντες
744 3596 810 3680 περί
839 3608 983 3677 σκηπτῶν.
1027 3620 1123 3678 neque
1152 3606 1253 3662 tamen

243 3691 402 3750 materiam
425 3690 596 3750 institutam
623 3689 662 3749 ad
687 3687 776 3748 finem
802 3688 941 3765 perduxit
966 3693 1082 3759 auctor,
1109 3691 1160 3749 sed
1186 3708 1253 3750 cum

243 3778 381 3852 vidisset,
403 3797 464 3839 non
486 3779 564 3854 fore,
586 3781 620 3837 ut
638 3795 717 3854 opus
739 3777 818 3854 quod
846 3780 984 3854 coeperat
1008 3778 1187 3855 absolveret,
1217 3798 1253 3839 ea

240 3887 325 3945 quae
345 3867 473 3927 collecta
494 3867 625 3927 habebat
650 3866 683 3925 in
709 3887 801 3926 unum
827 3867 1001 3944 conscripsit
1027 3868 1170 3944 codicem,
1195 3867 1254 3928 dis-
