3074 4598
644 483 753 539 LIBER
770 483 890 540 ALTER
1223 495 1267 562 35
1344 560 1346 566 A

258 658 431 739 αἰσθήσεις
453 647 508 717 καὶ
530 648 567 714 τὸ
591 647 782 731 φωνητικὸν
804 648 949 734 όργανον
971 647 1026 715 καὶ
1052 648 1106 716 ἐπὶ
1126 662 1207 719 πᾶσι
1228 659 1306 723 τὸΧ

257 766 407 849 γόνιμον.
452 754 507 822 καὶ
529 754 567 820 τὸ
589 761 658 818 πᾶν
681 746 718 816 δὲ
735 760 834 819 τοῦτο
857 755 895 820 έν
913 755 993 823 έπτά
1020 763 1207 854 θεωρεῖται·
1229 761 1266 828 έν

257 868 383 950 σώματι
398 863 435 929 έν
453 861 623 929 διαστάσει
647 856 684 922 έν
706 860 845 942 σχήματι
864 860 901 928 έν
918 861 1053 948 μεγέθει
1070 861 1107 929 έν
1120 866 1266 951 χρώματι

257 972 294 1039 έν
315 973 446 1054 κινήσει
472 965 511 1033 έν
537 966 663 1032 στάσει·
694 961 749 1029 καὶ
780 967 871 1050 παρὰ
900 979 1003 1036 ταῦτα
1026 966 1127 1037 οὐδὲν
1152 970 1267 1059 ἕτερον

257 1075 442 1162 συμβέβηκε
460 1083 530 1150 τοῖς
548 1068 741 1160 δρωμένοις
768 1075 920 1161 τῶνγὰρ
943 1079 1113 1161 αἰσθητῶν
1134 1079 1174 1144 τὰ
1197 1097 1267 1146 στε-
1293 1111 1306 1151 ⁵

258 1184 317 1269 ρεά
338 1181 604 1268 προύπινοεῖται,
631 1190 700 1246 τῶν
723 1174 761 1244 δέ
789 1192 931 1264 στερεῶν
952 1183 992 1248 τά
1019 1182 1170 1271 ἐπίπεδα,
1198 1199 1267 1254 τῶν

258 1285 295 1354 δέ
328 1286 494 1354 ἐπιπέδων
525 1290 560 1355 αδ
592 1287 796 1372 ἐπιφάνειαι,
832 1297 899 1352 τῶν
935 1284 973 1354 δέ
1003 1288 1205 1374 ἐπιφανειῶν
1231 1296 1266 1361 αἱ

257 1398 415 1482 γραμμαί,
437 1409 505 1463 τῶν
528 1392 565 1463 δέ
588 1403 748 1482 γραμμῶν
770 1394 806 1458 αἱ
824 1397 967 1479 στιγμαί,
980 1405 1048 1460 τῶν
1066 1392 1102 1461 δέ
1121 1412 1267 1484 στιγμῶν

257 1503 291 1570 οἱ
309 1503 465 1592 ἀριθμοί,
493 1507 529 1571 οἳ
551 1505 592 1588 δή
615 1499 670 1567 καὶ
693 1508 740 1588 τῶ
758 1500 884 1585 σώματι
910 1502 1140 1587 τυγχάνουσιν.
1185 1502 1266 1573 ἑπτὰ

257 1606 295 1677 δὲ
321 1609 377 1677 καὶ
405 1623 528 1696 φωνῶν
553 1610 747 1695 μεταβολαί,
779 1606 868 1687 ὀξεῖα
894 1612 1010 1694 βαρεῖα
1035 1610 1265 1698 περισπωμένη
1279 1644 1306 1684 10

257 1719 477 1805 σόμφθογγος
504 1719 587 1800 ψιλή
613 1739 649 1783 τε
675 1712 731 1781 καὶ
762 1715 872 1801 μακρὰ
897 1713 952 1781 καὶ
974 1719 1118 1802 βραχεῖα.
1163 1721 1265 1785 ἔνθεν
1277 1733 1337 1788 ΧΥ

256 1823 311 1891 καὶ
339 1826 379 1890 τά
402 1822 571 1909 ἑπτάμηνα
592 1820 700 1912 βρέφη
730 1827 1011 1905 τελειογονεῑσθαι
1036 1822 1198 1912 πέφυκεν,
1221 1827 1265 1906 ώς

252 1929 467 2016 Ἱπποκράτης
484 1928 587 2012 λέγει·
609 1929 629 2013 ή
649 1930 712 2014 γὰρ
731 1937 792 1994 τοῦ
809 1928 957 2015 ἀριθμοῦ
980 1934 1183 2017 ψυχογονική
1206 1934 1264 1999 δά·
1277 1946 1360 2002 XYS

255 2060 354 2121 ναμις
385 2037 425 2101 τά
458 2033 626 2120 ἑπτάμηνα
655 2033 763 2099 τέλεια
795 2033 988 2121 ἀποφαίνει,
1024 2037 1110 2103 διότι
1141 2045 1265 2120 τελείας

255 2143 411 2228 περιόδος
438 2150 615 2228 σφαιρικής
642 2138 777 2229 ἀριθμῷ
806 2145 918 2230 τελείφ
945 2139 1001 2207 καὶ
1027 2154 1186 2232 κοσμικχῶ,
1218 2155 1264 2235 τῷ
1278 2167 1305 2207 15

255 2256 528 2337 ψυχοκρατητικῷ
559 2244 613 2312 καὶ
643 2254 856 2336 ψυχογονικςό
887 2247 1083 2333 περιέχεται·
1113 2246 1169 2314 καὶ
1200 2252 1263 2339 γὰρ

256 2358 317 2440 τὴν
347 2357 459 2441 ψυχήν
487 2355 505 2421 δ
543 2358 678 2439 Τίμαιος
705 2343 738 2431 ’ἐξ
772 2350 853 2418 ἕπτά
888 2353 1043 2439 ἀριθμῶν
1078 2354 1263 2440 συνέστησε.

255 2461 310 2528 καὶ
333 2465 479 2546 κινήσεις
501 2458 539 2527 δὲ
562 2463 597 2527 αἱ
619 2469 722 2526 πᾶσαι
740 2461 840 2544 μόναι
863 2457 949 2526 εἰσὶν
977 2457 1070 2544 ἑπτά,
1093 2462 1115 2545 ή
1136 2486 1171 2528 τε
1194 2464 1262 2530 ἀνω
1276 2478 1327 2536 XS

255 2569 276 2653 ή
294 2593 329 2635 τε
352 2570 450 2652 κάτω,
472 2568 492 2652 ή
511 2566 654 2647 ἐπιδέξια
672 2566 692 2650 ή
712 2566 865 2652 εὐώνυμα
887 2566 1033 2653 ήπρόσω
1049 2566 1070 2650 ή
1088 2571 1226 2636 κατόπιν
1241 2571 1262 2657 ή

256 2676 293 2742 έν
315 2675 434 2765 κάκλφ.
480 2678 653 2761 στοιχείων
685 2669 721 2738 δέ
747 2674 789 2738 τδι
820 2678 993 2759 φωνήεντα
1025 2670 1118 2759 ἑπτά,
1151 2675 1262 2764 ἐπειδή
1277 2693 1334 2750 XY

254 2781 310 2849 καὶ
338 2781 370 2862 ἐξ
399 2782 526 2849 ἑαυτῶν
553 2784 639 2848 ἔοικε
666 2786 854 2865 φωνεῖσθαι
879 2778 934 2846 καὶ
957 2791 1027 2858 τοῖς
1048 2782 1160 2860 ἀλλοις
1183 2801 1262 2851 συν-
1275 2810 1301 2850 ει

325 2924 350 2960 v.
371 2910 404 2959 12
422 2904 608 2975 Hippocrates
621 2903 686 2971 περὶ
705 2900 865 3026 έπταριήυου
878 2903 920 2957 ed.
935 2902 1018 2958 Kfihn
1032 2903 1046 2957 1
1059 2907 1118 2974 444,
1134 2903 1168 2960 cf.
1182 2905 1261 2962 Diels

254 2977 376 3048 Doxogr.
391 2995 432 3048 gr.
446 2982 519 3031 428·
529 2982 571 3044 16,
584 2974 624 3029 b1
698 2978 732 3027 16
750 2974 772 3029 P
785 2976 823 3030 επ.
842 2972 912 3028 Tim.
930 2992 958 3044 p.
973 2973 1041 3029 361)

325 3101 349 3137 v.
369 3089 386 3137 3
405 3084 509 3152 σώμασι
526 3083 562 3151 Α,
582 3084 686 3151 σώματι
699 3081 742 3152 A,
762 3096 850 3151 marg.
869 3080 897 3134 Β
969 3087 985 3136 6
1003 3086 1220 3148 προϋπονοεῖται
1231 3087 1260 3139 Α

255 3160 271 3209 9
291 3156 412 3222 οώματοι
429 3151 597 3224 τυχάνουσιν
615 3153 651 3218 Α,
676 3150 815 3220 ἀσώματοι
835 3150 868 3206 oi.
888 3150 938 3220 Gn,
957 3151 1037 3206 Kroll
1108 3158 1141 3207 12
1160 3154 1261 3210 καὶτὰ

255 3223 399 3294 ἑπτάμηνα
418 3222 449 3279 δέ
466 3225 702 3294 τελειογονεῖοδαι
725 3222 754 3277 Y
770 3223 774 3292 Ι
795 3222 832 3284 ὡς
845 3219 1031 3290 Ἱπποκράτης
1048 3218 1119 3293 λέγει
1137 3223 1214 3280 omis.
1234 3225 1264 3280 Y

255 3299 289 3351 13
308 3293 351 3350 ὅτι
377 3294 395 3365 ή
418 3303 467 3349 τοῦ
490 3295 616 3363 ἀριθμοῦ
643 3304 760 3363 ψυχαγω
779 3291 826 3360 ική
849 3291 945 3348 in0.S
971 3295 976 3364 Ι
1004 3296 1185 3366 ψυχαγωγική
1204 3296 1263 3352 XS

255 3373 288 3421 16
307 3364 441 3434 περιόδου
460 3366 545 3438 ΧΥΙ
561 3366 610 3420 καὶ
628 3363 739 3433 ἀριθμῶ
758 3313 791 3417 Y
865 3368 898 3417 16
917 3369 1146 3437 ψυχοκρατητικῷ
1164 3386 1193 3421 τε
1211 3368 1259 3422 καὶ

258 3438 288 3495 Y
357 3444 390 3492 17
406 3433 552 3505 συνέστηκε
571 3437 599 3491 Β
672 3440 705 3488 18
723 3435 771 3488 καὶ
789 3432 958 3501 κινήσεις-
972 3440 1006 3488 20
1025 3435 1055 3490 ἐν
1073 3436 1161 3491 κόκλω
1180 3437 1258 3494 omis.

258 3509 304 3579 Y!
320 3507 352 3564 ιι
371 3507 449 3563 omis.
468 3508 491 3563 s
508 3507 513 3578 η
533 3504 617 3576 μιιιι
636 3504 713 3560 omis.
733 3506 755 3560 s
765 3507 772 3598 χ
789 3502 858 3559 εει
877 3505 947 3560 stow
964 3492 1181 3578 ειηκιιιωή
1199 3507 1258 3564 ιιι

254 3577 361 3650 ἡκάτω
380 3579 429 3634 καὶ
447 3579 477 3633 αὶ
496 3576 620 3649 έξήςκαὶ
638 3575 704 3631 οὐδὲ
722 3575 740 3646 ή
758 3575 869 3631 υδάτων
887 3579 923 3646 (p.
938 3582 982 3648 36,
996 3577 1060 3647 ό)ι5’
1128 3583 1161 3632 19
1180 3579 1259 3645 δεξιά

253 3652 289 3742 Α,
308 3650 354 3704 ἐπὶ
369 3648 447 3717 δέξια
461 3651 489 3705 Β
505 3652 509 3721 Ι
525 3650 574 3704 καὶ
588 3650 715 3717 εὐώνυμα
730 3647 758 3701 Β
773 3649 777 3717 Ι
793 3649 840 3702 καὶ
854 3645 974 3703 κατόπιν
987 3648 1015 3702 Β
1086 3654 1119 3703 20
1132 3651 1181 3704 καὶ
1199 3670 1258 3720 φω-

253 3741 356 3790 νηεντοι
374 3719 405 3776 δέ
424 3720 506 3789 ἑπτά,
530 3721 601 3789 ἀπερ
620 3720 648 3785 ἐξ
668 3718 773 3773 ἑαυτῶν
792 3726 941 3787 φωνοῦντα
961 3729 1019 3782 τοῖς
1037 3717 1087 3788 μέν
1104 3719 1259 3790 ἡμιφώνοις

253 3791 448 3862 συναπτόμενα
467 3792 625 3862 ἀναπληροῖ
641 3790 673 3845 τδ
692 3787 801 3857 ἐνδέον,
812 3798 882 3852 ,τοῖς
903 3787 935 3845 δέ
958 3791 1082 3861 ἀφώνοις
1099 3788 1191 3861 τρέπει
1209 3793 1257 3847 καὶ

253 3867 309 3920 κτλ.
328 3866 365 3935 (p
380 3869 423 3935 36,
438 3867 464 3935 3)
487 3865 516 3919 Y

1060 3950 1098 4004 γε
