3074 4598
622 532 731 587 τιοιιι
748 532 869 588 ALTER
1203 537 1246 602 21

191 715 293 783 RrH‚3
339 698 369 762 4.
384 696 455 763 Ὅτι
470 693 586 780 οἱπερὶ
598 695 820 780 Ζωροάστρην
832 695 887 761 καί
898 694 1080 780 Ὑστάσπην
1088 698 1248 764 Χαλδαῖοι
1262 711 1289 764 Y

241 806 296 875 καὶ
325 803 505 886 Αἰγύπτιοι
539 799 603 866 άπὸ
636 807 696 895 τοῦ
731 798 879 885 άρνδμοῦ
906 814 973 869 τῶν
1006 805 1181 888 πλανήτων
1212 802 1249 869 έν

241 910 401 998 ἑβδομάδι
423 911 482 986 τὰς
503 904 625 992 ἡμέρας
647 903 820 990 ἀνέλαβον.
864 908 919 974 καὶ
941 911 1003 993 τὴν
1025 905 1087 995 μὲν
1111 909 1339 995 πράτηνΧΥΒ

240 1017 366 1103 ἡμέραν
388 1019 469 1102 μίαν
492 1014 527 1080 ἐν
548 1020 607 1097 τῆς
629 1011 789 1097 μονάδος,
817 1011 888 1079 ἀλλ’
911 1014 952 1080 οὐ
974 1018 1108 1103 πρώτην
1132 1014 1249 1100 ἕκτης

242 1122 425 1209 ἑβδομάδος
453 1119 594 1206 κλητέον
622 1119 704 1185 κατά
732 1120 812 1195 τοὺς
839 1123 1096 1206 Πυθαγορείους
1124 1122 1181 1188 διδ
1210 1122 1247 1187 τὸ
1275 1146 1288 1186 ε

240 1232 348 1315 μόνην
360 1223 457 1294 εἶναι
479 1227 534 1294 καὶ
556 1226 783 1312 ἀκοινώνητον
805 1237 876 1304 ταῖς
895 1227 1018 1304 ἄλλοις.
1053 1231 1165 1314 πρώτη
1184 1231 1247 1315 γάρ

241 1335 369 1421 λέγεται
396 1336 416 1421 ἡ
442 1335 660 1424 πρωτεύουσα
686 1346 753 1400 τῶν
782 1330 849 1419 μετ’
877 1334 996 1419 αὐτὴν,
1027 1334 1048 1419 ἡ
1079 1333 1116 1401 δὲ
1143 1338 1249 1421 μονάς

240 1443 361 1530 άμερὴς
382 1442 438 1510 καί
462 1443 664 1529 άμετάβοίος
689 1440 745 1506 καί
772 1440 987 1525 αὐτοκίνητος
1013 1439 1068 1507 καί
1093 1441 1248 1519 ὡσαύτως
1260 1451 1318 1507 XY

239 1553 373 1636 ἔχουσα·
395 1549 481 1638 ὑπὲρ
504 1550 651 1636 άρνδμδν
669 1547 732 1635 γάρ
752 1547 855 1614 ἐστιν·
879 1547 961 1614 ὥστε
983 1548 1044 1613 οὐκ
1062 1549 1105 1612 άν
1121 1572 1172 1624 τις
1189 1549 1247 1613 αιἰ-
1260 1559 1287 1614 Χ

239 1660 300 1743 τὴν
321 1657 456 1725 καλέσοι
478 1658 622 1744 πρώτην,
645 1653 729 1720 άίίδ
751 1659 844 1741 μίαν·
868 1651 947 1721 οὐδὲ
969 1657 1033 1741 γάρ
1056 1652 1109 1720 ἐπί
1130 1656 1247 1740 άρτιον
1262 1672 1288 1712 1⁰

239 1764 319 1834 οὐδὲ
348 1765 402 1832 ἐπὶ
432 1766 492 1832 τὸν
517 1764 673 1851 περιττὸν
700 1760 768 1829 οὔτ’
792 1759 840 1828 έιί
868 1764 972 1829 ἄλλον
997 1764 1073 1828 τινδι
1100 1762 1248 1850 άρνδμὸν

238 1877 443 1958 μεθιστάναι.
474 1873 628 1948 ,δικαίως
659 1868 702 1934 άν
730 1870 834 1935 αὐτοῦ
865 1871 927 1954 τὴν
957 1870 1101 1956 δύναμιν
1132 1866 1287 1955 έπέχοιῩ

238 1989 299 2045 τοῦ
322 1987 399 2062 νοῦ,
423 1975 504 2062 ὅπέρ
527 1976 619 2043 ἐστιν
641 1975 772 2058 ἀγαθόν
794 1975 906 2043 τεκαὶ
927 1980 1092 2062 περιττόν,
1115 1984 1191 2044 ίσον
1212 2000 1247 2042 τε

236 2082 292 2150 καί
323 2082 585 2168 πεπερασμένον,
618 2080 673 2146 καί
705 2094 776 2166 φῶς
807 2081 863 2147 καί
894 2082 981 2148 εὐθὺ
1007 2082 1063 2149 καὶ
1093 2085 1245 2168 μόνιμον,
1274 2086 1278 2116 ³

237 2191 340 2278 άρρεν
370 2213 406 2255 τε
437 2186 493 2254 καὶ
524 2186 644 2267 δεξιόν.
688 2197 769 2266 νοῦς
795 2188 859 2274 γάρ
892 2187 975 2272 ἐστι,
1008 2187 1112 2274 φησίν
1142 2189 1245 2274 ὁμν-
1258 2217 1285 2258 ιτ

238 2297 349 2375 στικὸς
379 2297 492 2381 λόγος,
524 2295 689 2379 οὐσιώδης
720 2294 738 2361 ὁ
771 2293 855 2374 άπαξ
892 2284 1042 2361 ἐπέκεινα
1068 2295 1178 2381 μένων
1208 2294 1246 2362 έν

236 2414 276 2490 τῇ
313 2401 434 2470 ἑαυτοῦ
467 2403 564 2489 οὐσίᾳ
594 2401 650 2467 καὶ
680 2403 765 2487 πρὸς
801 2399 920 2468 ἑαυτὸν
951 2400 1245 2489 σννεστραμμένος,

238 2509 338 2588 ἑστώς
355 2533 391 2576 τε
408 2509 463 2576 καὶ
481 2509 599 2594 με’νων.
636 2506 834 2594 ἀναφέρεται
853 2504 890 2575 δὲ
907 2508 928 2592 ἡ
947 2512 1050 2594 μονάς
1069 2511 1115 2587 είς
1127 2508 1245 2575 Ἀπόλ-

236 2621 337 2700 λωνα,
360 2613 532 2681 τουτέστιν
549 2616 597 2691 είς
614 2615 674 2679 τὸν
696 2612 754 2680 ἕνα
764 2612 896 2699 Ἥλιον,
919 2613 955 2690 ὃς
968 2613 1138 2681 Ἀπόλλων
1155 2620 1245 2699 λέγε-

235 2746 290 2789 ται
312 2722 370 2787 διά
396 2722 433 2787 τὸ
462 2722 599 2787 άπωδεν
626 2715 711 2786 εἶναι
738 2732 806 2786 τῶν
831 2726 973 2806 πολλῶν.
1018 2719 1074 2787 καὶ
1093 2722 1284 2808 Ῥωμαῖοιιο

236 2825 273 2895 δὲ
296 2828 400 2894 αὐτὸν
421 2830 534 2914 Σόίεμ
556 2830 629 2913 ἡτοι
652 2829 757 2912 μόνον
779 2825 921 2911 λέγουσι.

307 3004 333 3041 v.
349 2992 381 3040 16
402 2986 417 3041 δ
437 2985 512 3050 ἅπαξ
531 2982 659 3040 ἐπέκεινα
677 2983 757 3039 Kroll
775 2984 820 3040 Or.
839 2985 935 3040 chald.
954 3004 981 3056 p.
997 2993 1030 3042 16

305 3145 330 3181 v.
346 3133 361 3180 1
382 3125 424 3181 ὅτι
444 3127 471 3181 οἱ
489 3125 624 3200 περὶιίιιο.
643 3125 728 3180 Marc.
748 3145 789 3198 gr.
808 3132 860 3180 320
874 3127 943 3198 (M),
963 3125 1006 3182 ὅτι
1018 3134 1084 3183 -3
1103 3126 1242 3201 ἀνέλαβον

235 3197 337 3251 desunt
355 3197 388 3251 X
469 3202 485 3250 3
504 3198 552 3251 καὶ
573 3195 626 3251 τ“ν
649 3193 700 3264 μὲν
722 3198 834 3266 πρώτην
855 3195 962 3268 ἡμέραν
985 3196 1065 3269 μίαν,
1088 3200 1125 3262 ὡς
1146 3201 1195 3254 καί
1214 3201 1241 3255 οὶ

233 3271 316 3323 πνδα
335 3264 430 3336 ὄρειοι,
449 3270 580 3338 καλοῦσιν
590 3216 626 3320 έν
638 3274 688 3336 τῆς
700 3265 831 3335 μονάδος,
850 3266 892 3322 ὅτι
906 3265 977 3339 μόνη
991 3271 1040 3325 ιιαί
1052 3270 1242 3341 ἀκοινώνητος

232 3347 295 3401 ταῖς
323 3341 400 3402 ίίαις
412 3338 447 3408 Y,
461 3336 504 3392 ὅτι
515 3335 568 3407 (ὅτι
582 3336 660 3392 omis.
671 3337 712 3406 Χ)
720 3338 772 3408 τὴν
780 3357 802 3393 π
819 3339 893 3408 ίοτην
905 3337 1011 3408 ἡμέραν
1020 3338 1087 3410 μίαν
1096 3340 1167 3397 ιιατδι
1176 3344 1241 3407 τοὺς

233 3407 443 3480 πυδαηορείοος
464 3408 547 3479 (κατὰ
569 3409 634 3471 τοὺς
654 3359 861 3481 πνδαηορεάους
883 3407 951 3479 μίαν
969 3411 1004 3482 S)
1026 3411 1142 3482 κίητέαν
1165 3415 1240 3484 (τίη-

233 3478 297 3536 τέον
320 3480 354 3551 S)
377 3479 436 3534 ἀλλ’
457 3480 490 3534 οδ
512 3480 624 3548 πρώτην
647 3478 678 3533 έιι
695 3488 744 3550 τῆς
762 3478 885 3550 μονάδος
907 3480 1073 3553 (ἑβδομάδος
1090 3483 1124 3555 S)
1142 3483 1191 3540 διδι
1208 3485 1240 3540 τδ

233 3551 323 3622 μόνην
345 3547 419 3606 εἶναι
444 3552 493 3606 καί
517 3551 576 3620 (ταί
604 3549 683 3604 omis.
702 3550 737 3621 S)
763 3551 952 3622 ἀκοινώνητον
978 3564 1039 3618 ταῖς
1066 3554 1161 3618 άίάαις
1184 3555 1243 3611 XS

234 3629 250 3677 6
268 3624 362 3692 πρώτη
381 3621 435 3694 ηδιρ
453 3622 540 3693 ἡτῶν
558 3617 617 3691 μετ’
635 3619 722 3689 αίτὴν
739 3622 917 3691 πρωτεύουσα
940 3624 969 3679 Υ
1036 3631 1053 3680 8
1072 3624 1240 3698 ἂμετάβοίος

233 3698 285 3749 cet
306 3693 400 3749 deas
470 3691 664 3763 θάπάρχονσα
686 3692 732 3763 Y!
748 3692 816 3761 ὑπὲρ
836 3691 960 3764 ἂρνδμδν
974 3718 1007 3738 ’-
1024 3702 1056 3751 12
1075 3695 1239 3767 μεθίσταται

232 3764 310 3820 omis.
326 3765 356 3819 Y
407 3771 440 3818 12
456 3760 892 3835 διιιαίως-ἳΙίέγονσιοιιιίεΧ
940 3771 976 3838 ὶ18
992 3765 1129 3838 μένονΜ,
1147 3766 1238 3838 μένων

233 3853 300 3918 porr.
321 3836 359 3890 M
368 3907 407 3962 Μ
436 3842 470 3891 20
490 3835 600 3890 άποδεν
620 3835 948 3909 οΜ1ποίίῶν]πνλῶν
965 3839 1032 3894 DE
1105 3846 1136 3894 21
1157 3837 1238 3909 σάίεμ

231 3925 262 3960 ιιι
281 3925 348 3963 corr.
