3074 4598
208 483 249 540 VI
613 477 821 537 PRAEFATIO

213 651 367 713 obtulerat
397 653 524 713 collecta
553 650 671 727 saepius
703 647 742 707 ad
771 646 852 707 huno
884 647 962 707 diem
990 649 1074 726 prelo
1104 651 1225 712 manda·

212 745 320 802 verant
347 741 406 802 viri
438 740 531 814 docti,
559 739 692 800 nondum
725 739 828 796 autem
857 736 1027 814 constabat,
1060 741 1163 800 utrum
1191 760 1228 802 ea

211 831 278 892 sola
309 850 325 890 e
356 830 450 907 libro,
488 847 578 905 quem
612 827 716 905 Lydus
752 826 788 885 de
820 825 970 887 mensibus
1006 829 1228 907 conscripserat,

211 921 411 998 superessent,
435 936 475 978 au
499 917 624 977 fortasse
645 916 695 976 hic
717 915 781 974 illic
804 913 866 973 alia
889 933 1008 992 quoque
1030 915 1158 978 laterent
1175 918 1227 978 ab·

212 1009 292 1069 dita:
316 1027 409 1086 quare
433 1005 612 1085 Georgius
635 1004 822 1079 Wissowa,
846 1022 914 1063 cum
936 1006 1005 1064 ante
1023 1004 1076 1064 hos
1096 1007 1227 1085 quinque

211 1117 306 1159 annos
336 1097 368 1156 in
397 1094 522 1155 Italiam
550 1093 761 1173 proficiscerer,
794 1111 842 1150 me
873 1093 1002 1167 monuit,
1033 1097 1070 1154 nt
1095 1097 1227 1156 animum

211 1186 411 1261 attenderem,
448 1185 475 1245 si
506 1184 582 1245 forte
614 1185 646 1242 in
672 1181 924 1241 bibliothecarum
952 1181 1066 1243 seriniis
1097 1183 1227 1246 frustm

212 1274 360 1353 quaedam
383 1274 503 1334 alibro
526 1275 561 1334 de
583 1269 735 1332 mensibus
758 1269 862 1330 avolsa
879 1270 1047 1348 reperirem.
1083 1274 1163 1350 quod
1180 1294 1228 1334 me

212 1364 318 1425 fecisse
346 1363 469 1424 minime
497 1363 644 1441 paenitet:
673 1357 819 1420 nonnulla
849 1359 928 1418 enim
957 1377 1035 1420 nova
1061 1380 1120 1420 non
1147 1363 1228 1440 apud

210 1453 307 1514 Italos
328 1453 418 1528 solos,
440 1472 546 1514 rerum
563 1450 659 1511 etiam
677 1446 764 1525 apud
785 1447 996 1527 rraneoganos
1017 1447 1228 1529 Hispanosque

211 1542 357 1622 reperisse
377 1541 455 1601 ruilri
472 1541 556 1602 risus
578 1558 645 1600 sum
667 1555 745 1615 quae
767 1537 800 1595 iu
818 1537 917 1596 luceru
934 1536 1136 1615 proferrentur
1152 1541 1228 1600 adeo

213 1631 314 1710 digna,
336 1634 373 1690 ut
390 1631 495 1690 denuo
518 1627 665 1690 edendum
684 1626 798 1686 librum
819 1625 913 1685 illum
938 1623 1005 1708 sepi
1027 1634 1130 1704 μηνῶν
1151 1628 1227 1687 mihi

212 1738 417 1798 proponerem
460 1717 510 1778 cni
532 1715 657 1777 editioni
679 1733 748 1774 eum
769 1733 834 1774 non
855 1714 887 1774 id
908 1715 1095 1793 propositum
1121 1716 1168 1790 sit,
1190 1720 1228 1777 ut

213 1808 366 1887 integrum
379 1806 512 1867 auctoris
527 1822 600 1883 opus
611 1806 742 1882 premat,
756 1804 852 1863 'immo
866 1807 903 1864 ut
916 1824 936 1865 e
950 1804 1074 1865 lacerati
1085 1803 1228 1883 dispersis

212 1895 352 1956 membris
376 1914 499 1973 corpus,
525 1894 617 1972 quale
641 1891 793 1970 quondam
815 1893 889 1970 fuit,
916 1897 1082 1972 componat,
1108 1894 1228 1956 brevem

214 1983 407 2064 praemittere
440 1983 681 2044 &monstenem
712 2000 787 2059 opus
819 2001 882 2043 esse
912 1987 1050 2061 apparet,
1081 1984 1227 2062 couscrip-

213 2076 279 2134 tam
315 2072 350 2134 de
393 2072 559 2150 codicibus,
601 2071 711 2149 quibus
746 2072 944 2133 Laurentiani
982 2072 1051 2132 libri
1092 2073 1227 2152 singulae

213 2165 317 2241 partes
348 2162 388 2222 sd
416 2162 500 2222 bunc
531 2161 608 2222 diem
638 2162 775 2222 servatae
804 2162 877 2237 sint,
902 2166 943 2242 ,et
966 2162 1007 2222 de
1039 2161 1228 2239 editionibus,

214 2251 326 2329 quibus
347 2251 399 2311 ille
421 2251 455 2310 iu
477 2252 574 2310 lucem
596 2249 637 2310 sit
658 2248 809 2326 prolatum
831 2253 986 2326 praeterea
1009 2255 1115 2311 <antem
1136 2271 1227 2329 quae·

214 2359 281 2400 rere
295 2341 340 2399 est
348 2357 481 2415 necesse,
500 2357 646 2416 quaenam
659 2337 746 2398 hodie
760 2339 912 2414 supersint
924 2339 992 2399 libri
1006 2339 1114 2418 integri
1126 2342 1227 2417 partas

216 2446 337 2506 quaque
357 2427 476 2488 ratione
497 2427 577 2487 inter
597 2446 628 2487 se
647 2426 763 2503 possint
778 2427 932 2505 componi:
955 2446 1032 2506 qnae
1045 2428 1148 2489 omnia
1166 2448 1228 2488 una

216 2517 358 2577 continua
377 2516 564 2592 narratione,
591 2515 627 2575 de
649 2513 780 2592 Lydiani
801 2516 938 2592 opusculi
956 2516 1031 2576 ¹latis
1054 2517 1226 2594 composita,

218 2605 391 2682 amplecter.

109 2702 194 2746 orac
283 2692 405 2753 Ioannis
422 2692 580 2753 Laurentii
601 2693 767 2752 tractatum
790 2691 826 2751 de
841 2692 994 2752 mensibus
1011 2695 1081 2771 post
1094 2694 1228 2754 medinm

216 2783 334 2842 sextum
361 2781 517 2841 saeculum
538 2781 738 2856 couscriptum
766 2798 864 2856 usque
892 2780 932 2840 sd
959 2780 1061 2842 Photii
1091 2784 1224 2860 tempora

217 2869 352 2929 codicum
378 2869 651 2945 manuscriptorum
681 2886 735 2943 ope
760 2868 911 2927 traditum
935 2868 1030 2928 vfuisse
1054 2870 1149 2946 ipsius
1169 2889 1224 2948 pa-

216 2955 366 3016 triarchae
382 2955 557 3016 testimonio
573 2956 721 3028 docemur,
739 2954 794 3031 qui
810 2956 919 3034 legisse
936 2975 967 3017 se
983 2955 1071 3016 illurn
1089 2958 1226 3018 affirmat.

217 3045 289 3105 talis
306 3044 421 3104 cadius
441 3044 554 3122 integri
575 3043 737 3120 vestigium
759 3047 913 3103 servatum
936 3044 1023 3105 nobis
1052 3047 1149 3106 estin
1171 3066 1226 3107 co·

218 3133 300 3193 dice
336 3133 388 3208 qui
424 3135 549 3192 vocatur
583 3130 788 3206 Oaseolino,
824 3132 995 3194 Parisinum
1030 3135 1228 3213 supplementi

219 3219 320 3300 graeei
338 3219 407 3280 :dico
429 3240 553 3280 numero
570 3220 723 3299 signatum
737 3222 812 3296 257,
830 3221 867 3280 in
889 3221 1018 3283 editione
1037 3221 1061 3283 Ο
1080 3226 1228 3300 vocatum,

219 3329 310 3387 quern
327 3309 502 3368 accuratius
524 3307 679 3385 descripsit
701 3306 738 3368 o,
760 3308 796 3368 Β.
818 3308 930 3370 :Hasius
958 3312 990 3370 in
1019 3313 1227 3373 commentario

219 3397 257 3458 de
270 3397 382 3458 Ioanne
394 3396 491 3473 Lydo,
504 3415 562 3473 quo
575 3395 684 3456 librum
702 3395 737 3455 de
756 3397 981 3474 magistratibus
994 3398 1227 3460 Laurentiauum

221 3485 259 3546 ab
272 3485 297 3546 1.
310 3483 347 3543 Β.
360 3484 467 3544 Pnssio
490 3484 611 3545 Parisiis
632 3484 717 3543 1812
737 3484 851 3545 editum
870 3488 988 3548 ornarit
1004 3508 1032 3565 p.
1046 3488 1140 3549 LXXI
1154 3507 1228 3568 sqq,

219 3574 407 3650 Hasiumque
430 3576 548 3634 secutus
570 3575 616 3633 est
633 3570 754 3632 Curtius
772 3572 967 3636 Waohsmuth
988 3576 1021 3635 in
1043 3578 1227 3654 praefatione

220 3660 416 3723 Laurentiaui
438 3661 509 3722 libri
527 3661 563 3722 de
581 3659 705 3723 ostentis
720 3661 833 3721 ,irem
851 3662 923 3723 editi
941 3684 970 3741 p.
981 3664 1026 3724 IX
1040 3684 1116 3742 sqq.:
1138 3667 1229 3728 codex

221 3751 274 3812 ille
305 3749 358 3809 sub
390 3748 480 3810 finem
509 3750 572 3810 eius
598 3749 685 3827 -quod
715 3749 849 3826 proxime
881 3753 1040 3814 antecessit
1070 3755 1179 3815 saeculi
1211 3775 1227 3817 e

220 3840 288 3900 rico
305 3837 442 3915 ¹quodam
458 3837 794 3915 ¹Corrstrrntr'nopolitano
817 3838 849 3898 in
871 3840 967 3901 lucem
987 3861 1121 3904 reversus
1138 3844 1228 3905 Luta
