3074 4598
292 439 312 505 8
668 435 778 495 LIBER
795 438 930 496 PRIMUS

249 613 276 669 X
356 603 497 693 ’Ἀγριον
519 598 580 688 ήδὲ
603 605 759 670 Λατῖνον.

364 712 482 798 Κούρη
506 707 536 777 δ’
560 708 597 775 ἐν
620 710 816 796 μεγάροισιν
837 711 966 796 ἀγαυοῦ
988 714 1220 788 Δευκαλίωνος

365 819 535 902 Πανδώρη
559 812 619 880 Διί
641 820 752 903 πατρί,
775 825 867 884 θεῶν
889 818 1070 904 σημάντορι
1091 819 1226 885 πάντων

364 919 509 1011 μιγθεῑά
533 918 571 985 ἐν
594 925 747 1007 φιλότητι
769 923 841 990 τέκε
864 925 1011 1012 Γραικὸν
1032 926 1247 1011 μενεχάρμην.

356 1032 407 1096 14
424 1027 589 1114 Ῥωμύλος
611 1024 649 1094 δὲ
666 1033 766 1109 κτίζει
784 1031 846 1115 τήν
859 1028 985 1117 Ῥώμην
1002 1041 1040 1118 τῇ
1058 1033 1122 1118 πρὸ
1141 1033 1235 1098 δεκα-
1243 1041 1349 1110 Rr1‚14

175 1137 176 1141 ’
261 1146 364 1223 ιμιάς
385 1136 571 1202 Καλενδῶν
594 1138 726 1220 Μαΐου,
753 1137 836 1201 κατά
858 1137 896 1202 τὸ
918 1141 1031 1221 τρίτον
1058 1149 1115 1224 τῆς
1140 1135 1249 1224 ἕκτης,
1275 1138 1297 1224 ή

234 1243 344 1320 ΧῩὼς
362 1241 469 1329 ἕτεροι
485 1243 569 1307 κατά
591 1243 629 1308 τὸ
653 1242 811 1328 δεύτερον
829 1252 886 1327 τῆς
904 1242 1036 1327 ὀγδόης·
1058 1244 1079 1329 ἡ
1098 1242 1135 1311 δὲ
1153 1247 1223 1332 ὥρα
1240 1255 1296 1332 τῆς

285 1353 413 1428 πόλεως
444 1350 515 1435 ὥρα
547 1347 686 1435 δευτέρα
716 1350 782 1433 τιρὸ
815 1352 941 1436 τρίτης,
973 1350 1018 1425 ὡς
1048 1352 1248 1437 Ταρρούτιος
1275 1354 1294 1419 ὁ

246 1470 273 1525 Y
286 1458 516 1545 μαθηματικὸς
543 1454 789 1542 κατεστήριξεν,
816 1458 901 1534 Διὸς
929 1451 991 1542 μὲν
1014 1456 1138 1542 ίχθῦσι,
1160 1459 1296 1546 Κρόνου
1315 1453 1349 1529 .’

246 1587 272 1627 10
286 1561 324 1632 δὲ
355 1564 410 1631 καί
438 1562 639 1650 ’Λῳροδίτης
668 1561 724 1628 καὶ
751 1561 865 1648 ’Ἁρεος
896 1561 951 1630 καί
979 1562 1101 1650 Ἑρμοῦ
1127 1568 1293 1654 Πιορτίῳ,

280 1673 400 1739 Ἡλίου
427 1667 465 1738 δὲ
492 1668 610 1758 Ταύρῳ
637 1667 692 1735 καί
716 1671 867 1754 Σελήνης
891 1674 1002 1758 Ζυγῳῦ·
1028 1669 1070 1754 <ή
1096 1670 1141 1748 ὡς
1167 1667 1295 1758 ἕτεροι>

244 1776 400 1845 ΧἨλιόυ
421 1774 484 1863 μὲν
511 1777 639 1865 Ταύρῳ,
662 1778 815 1861 Σελήνης
837 1773 875 1842 δὲ
897 1773 1077 1865 Παρθένῳ,
1098 1778 1234 1864 Κρόνου
1256 1775 1294 1846 δὲ

285 1887 394 1974 Ζυγῳῦ,
412 1885 498 1963 Διὸς
512 1881 550 1950 δὲ
560 1881 692 1969 Λέοντι,
702 1881 820 1969 ’Ἁρεος
834 1887 944 1969 Ζυγῷ,
958 1881 1153 1971 Ἀφροδίτης
1167 1885 1293 1976 Ταύρῳ,

278 1991 403 2078 Ἑρμοῦ
420 1994 526 2082 Κριςῦ.
557 1991 664 2077 ἀρχήν
682 1987 720 2057 δὲ
743 1989 899 2058 ἐνιαυτοῦ
922 1991 1039 2057 δίδωσι
1052 1990 1213 2078 Ῥωμύλος
1234 1993 1294 2060 τὸν

242 2118 269 2159 1⁵
281 2099 438 2186 Μάρτιον
455 2100 540 2187 πρὸς
558 2100 657 2185 τιμήν
669 2097 801 2184 Ἄρεος·
829 2098 861 2179 ἐξ
880 2098 985 2165 αὐτοῦ
1002 2100 1065 2185 γάρ
1084 2098 1187 2165 αὐτὸν
1202 2098 1293 2182 γενέ-

281 2211 363 2272 σθαι
382 2209 481 2290 λόγος
498 2255 574 2272 ....
594 2204 673 2272 δέκα
690 2207 808 2292 μόνοις
824 2210 934 2291 μησίν.

349 2311 399 2378 15.
419 2312 465 2379 Ἡ
480 2314 579 2390 δεκάς
595 2314 723 2399 πλήρης
741 2311 887 2398 ἀριθμός
910 2311 1011 2394 ἐστιν,
1025 2312 1116 2377 ’ὅθεν
1132 2308 1187 2377 καὶ
1209 2334 1291 2378 ταν·
1310 2323 1346 2374 15

281 2416 389 2484 τέλεια
410 2425 569 2504 καλεῖται,
591 2419 699 2497 πάσας
721 2419 780 2496 τάς
805 2416 895 2494 ἰδέας
917 2429 984 2484 τῶν
1006 2418 1116 2483 ἀλλων
1137 2416 1292 2503 ἀριθμῶν

280 2522 334 2589 καί
357 2526 468 2609 λόγων
490 2523 547 2591 καὶ
569 2526 761 2610 ἀναλογιῶν
783 2523 837 2591 καὶ
862 2536 1065 2610 συμφωνιῶν
1081 2522 1292 2609 περιέχουσα·

240 2651 266 2691 ιο
280 2631 422 2717 γνάμων
444 2633 508 2719 γάρ
533 2630 571 2697 ἐν
593 2643 663 2709 τοῖς
689 2625 789 2697 ούσίν
815 2631 906 2696 ἐστιν
932 2629 953 2713 ή
981 2631 1077 2707 δεκάς
1100 2630 1209 2697 πάντα
1234 2655 1291 2716 χα-

215 2719 219 2728 ’
279 2741 534 2824 ρακτηρίζουσα,
564 2737 619 2802 καὶ
650 2738 743 2812 ίδίως
769 2736 807 2800 τὸ
835 2735 873 2801 έν
902 2734 1026 2823 ἑκάστῳ
1055 2738 1193 2822 άτιειρον
1221 2736 1291 2823 δρί-

279 2847 389 2926 ζουσα,
412 2841 467 2908 καί
490 2842 626 2907 πάντων
656 2836 740 2908 οὖσα
763 2843 956 2924 συναγωγάς
978 2837 1088 2905 τεκαὶ
1111 2844 1290 2927 συνακτιιιή

277 2945 332 3015 καί
356 2948 589 3031 ἀιιοτελεστική
612 2958 679 3013 τῶν
702 2947 764 3012 ὅσα
786 2945 808 3029 ή
834 2970 869 3012 τε
895 2946 997 3029 νοητή
1023 2944 1166 3033 περιέχει
1188 2947 1291 3031 φύσις

278 3055 357 3138 ήτε
383 3055 449 3120 ύιιὸ
473 3056 636 3139 Σελήνην.
682 3052 788 3130 ούτως
815 3053 878 3138 γάρ
908 3052 989 3137 ἡμῖν
1014 3053 1242 3139 παραδίδωσιν
1269 3054 1288 3121 δ

239 3180 265 3222 ιι
278 3162 506 3247 Παρμενίδης
532 3161 701 3246 τιρῶτιστα
722 3155 785 3246 μὲν
811 3162 851 3226 τά
877 3160 994 3244 νοητά,
1022 3159 1158 3245 δεύτερα
1184 3162 1225 3227 τά
1251 3161 1289 3228 έν

348 3300 373 3338 v.
394 3288 407 3336 1
431 3282 497 3338 Hes.
521 3281 599 3336 Theo
621 3324 627 3336 .
649 3287 718 3336 1013
827 3286 915 3336 2-4
935 3280 1001 3335 Hes.
1023 3279 1104 3352 frgm
1128 3287 1162 3336 24
1184 3281 1287 3338 Rzach.

278 3358 312 3408 25
331 3351 523 3425 Παρμενίδης]
543 3351 577 3407 cf.
618 3352 670 3407 iels
687 3352 867 3407 Parmenides
881 3372 909 3424 p.
925 3357 966 3406 96.

347 3478 372 3515 v.
393 3464 408 3514 1
428 3462 486 3516 ειδε
508 3460 536 3514 A
620 3462 788 3530 λμιχδεῑσα
806 3461 834 3514 Α
859 3461 863 3531 Ι
888 3476 967 3529 μοινε
985 3455 1076 3528 άρμην
1097 3459 1125 3513 Β
1209 3457 1286 3515 Ἰδτι

275 3530 371 3602 ήῶρα
389 3539 438 3601 τῆς
460 3527 567 3600 ύώμης,
591 3527 636 3585 ὅτε
658 3526 783 3600 ύωμύλος
805 3530 909 3601 ταύτην
932 3478 1033 3595 κτέζειν
1054 3528 1155 3597 ἤρξατο
1174 3528 1285 3599 (ἤρξατο

275 3600 377 3668 κτίζειν
397 3602 498 3673 OFG)
513 3600 589 3657 ἐστὶν
602 3600 661 3669 ἀρα
674 3598 791 3669 δευτέρα
809 3601 839 3656 Y
898 3596 1090 3689 8ταήήούοιος
1105 3600 1133 3654 Β
1196 3602 1287 3666 9διδς

276 3673 326 3744 μὲν
345 3706 379 3715 -
400 3679 431 3728 11
457 3671 573 3742 σελήνης
595 3675 666 3746 ζυγῷ
693 3670 765 3726 omis
783 3672 815 3727 X
926 3678 958 3727 11
982 3693 1000 3741 η
1023 3673 1060 3735 ὡς
1082 3668 1168 3741 ἕτεροι
1188 3671 1287 3727 addidi

276 3751 310 3800 12
329 3743 409 3815 ἡλίου
427 3743 478 3814 μὲν
496 3745 637 3816 ταύρῳ-
653 3750 687 3797 14
702 3743 787 3812 ἑρμοῦ
806 3748 874 3817 κριῷ
893 3742 971 3798 omis.
995 3742 1024 3797 Y
1114 3749 1146 3798 14
1165 3741 1236 3814 ἀργὴ
1254 3743 1286 3800 δὲ

274 3814 392 3887 μαρτίου
403 3817 440 3887 Χ,
459 3815 550 3887 ἀρχὴν
568 3813 600 3870 δὲ
619 3814 749 3870 ἐνιαυτοῦ
767 3814 820 3870 δελ
