<?xml version="1.0" encoding="UTF-8"?>
<!DOCTYPE html PUBLIC "-//W3C//DTD XHTML 1.0 Transitional//EN"
    "http://www.w3.org/TR/xhtml1/DTD/xhtml1-transitional.dtd">
<html xmlns="http://www.w3.org/1999/xhtml" xml:lang="en" lang="en">
 <head>
  <title>
</title>
<meta http-equiv="Content-Type" content="text/html;charset=utf-8" />
  <meta name='ocr-system' content='tesseract 3.04.00' />
  <meta name='ocr-capabilities' content='ocr_page ocr_carea ocr_par ocr_line ocrx_word'/>
</head>
<body>
  <div class='ocr_page' id='page_1' title='image "./ioannislaurenti00wuengoog_0179.png"; bbox 0 0 3074 4598; ppageno 0'>
   <div class='ocr_carea' id='block_1_1' title="bbox 283 466 1052 536">
    <p class='ocr_par' dir='ltr' id='par_1_1' title="bbox 283 466 1052 536">
     <span class='ocr_line' id='line_1_1' title="bbox 283 466 1052 536; baseline 0.005 -14"><span class='ocrx_word' id='word_1_1' title='bbox 283 466 327 532; x_wconf 79' lang='grc'><em>74</em></span> <span class='ocrx_word' id='word_1_2' title='bbox 523 467 633 524; x_wconf 79' lang='lat' dir='ltr'>LIBER</span> <span class='ocrx_word' id='word_1_3' title='bbox 651 468 826 536; x_wconf 81' lang='lat' dir='ltr'><strong>QUARTUS.</strong></span> <span class='ocrx_word' id='word_1_4' title='bbox 853 469 1052 526; x_wconf 81' lang='lat' dir='ltr'><strong>IANUARIUS</strong></span> 
     </span>
    </p>
   </div>
   <div class='ocr_carea' id='block_1_2' title="bbox 169 629 1341 3171">
    <p class='ocr_par' dir='ltr' id='par_1_2' title="bbox 239 629 1296 1043">
     <span class='ocr_line' id='line_1_2' title="bbox 239 629 1296 722; baseline 0.002 -24"><span class='ocrx_word' id='word_1_5' title='bbox 239 629 509 720; x_wconf 87' lang='grc' dir='ltr'><em>ΧἸανουαρίων,</em></span> <span class='ocrx_word' id='word_1_6' title='bbox 541 631 718 718; x_wconf 82' lang='grc' dir='ltr'><em>ἐσχόλαζον</em></span> <span class='ocrx_word' id='word_1_7' title='bbox 748 634 805 702; x_wconf 86' lang='grc' dir='ltr'><em>διά</em></span> <span class='ocrx_word' id='word_1_8' title='bbox 835 636 876 701; x_wconf 83' lang='grc' dir='ltr'><em>τὰ</em></span> <span class='ocrx_word' id='word_1_9' title='bbox 905 635 978 722; x_wconf 83' lang='grc' dir='ltr'><em>ίερδι</em></span> <span class='ocrx_word' id='word_1_10' title='bbox 1006 635 1047 701; x_wconf 79' lang='grc' dir='ltr'><em>τά</em></span> <span class='ocrx_word' id='word_1_11' title='bbox 1079 635 1296 720; x_wconf 81' lang='grc' dir='ltr'><em>ίπποδρόμια.</em></span> 
     </span>
     <span class='ocr_line' id='line_1_3' title="bbox 281 735 1295 830; baseline 0.002 -24"><span class='ocrx_word' id='word_1_12' title='bbox 281 740 314 806; x_wconf 76' lang='grc' dir='ltr'><em>οἱ</em></span> <span class='ocrx_word' id='word_1_13' title='bbox 337 737 375 806; x_wconf 76' lang='grc' dir='ltr'><em>δὲ</em></span> <span class='ocrx_word' id='word_1_14' title='bbox 397 741 462 827; x_wconf 85' lang='grc' dir='ltr'><em>πρὸ</em></span> <span class='ocrx_word' id='word_1_15' title='bbox 485 749 544 823; x_wconf 82' lang='grc' dir='ltr'><em>τῆς</em></span> <span class='ocrx_word' id='word_1_16' title='bbox 564 735 617 804; x_wconf 81' lang='grc' dir='ltr'><em>ἐπὶ</em></span> <span class='ocrx_word' id='word_1_17' title='bbox 637 741 698 826; x_wconf 79' lang='grc' dir='ltr'><em>τὴν</em></span> <span class='ocrx_word' id='word_1_18' title='bbox 718 742 942 830; x_wconf 75' lang='grc' dir='ltr'><strong><em>ἱπποδρομίαν</em></strong></span> <span class='ocrx_word' id='word_1_19' title='bbox 959 742 1116 829; x_wconf 93' lang='grc' dir='ltr'><em>προόδου,</em></span> <span class='ocrx_word' id='word_1_20' title='bbox 1139 759 1295 829; x_wconf 89' lang='grc' dir='ltr'><em>συμπαρ-</em></span> 
     </span>
     <span class='ocr_line' id='line_1_4' title="bbox 283 847 1292 935; baseline 0.002 -22"><span class='ocrx_word' id='word_1_21' title='bbox 283 849 391 914; x_wconf 84' lang='grc' dir='ltr'><em>όντων</em></span> <span class='ocrx_word' id='word_1_22' title='bbox 414 847 528 923; x_wconf 81' lang='grc' dir='ltr'><em>αῦτοίς</em></span> <span class='ocrx_word' id='word_1_23' title='bbox 550 858 618 912; x_wconf 89' lang='grc' dir='ltr'><em>τῶν</em></span> <span class='ocrx_word' id='word_1_24' title='bbox 642 847 836 935; x_wconf 79' lang='grc' dir='ltr'><em>ἀρχιερέων,</em></span> <span class='ocrx_word' id='word_1_25' title='bbox 860 848 1009 934; x_wconf 77' lang='grc' dir='ltr'><em>ἐνήγιζον</em></span> <span class='ocrx_word' id='word_1_26' title='bbox 1031 860 1101 926; x_wconf 83' lang='grc' dir='ltr'><em>τοῖς</em></span> <span class='ocrx_word' id='word_1_27' title='bbox 1122 848 1292 934; x_wconf 93' lang='grc' dir='ltr'><em>δαίμοσιν,</em></span> 
     </span>
     <span class='ocr_line' id='line_1_5' title="bbox 282 950 1296 1043; baseline 0.003 -25"><span class='ocrx_word' id='word_1_28' title='bbox 282 952 336 1019; x_wconf 81' lang='grc' dir='ltr'><em>ἐπὶ</em></span> <span class='ocrx_word' id='word_1_29' title='bbox 349 950 387 1019; x_wconf 77' lang='grc' dir='ltr'><em>δὲ</em></span> <span class='ocrx_word' id='word_1_30' title='bbox 401 964 468 1018; x_wconf 87' lang='grc' dir='ltr'><em>τῶν</em></span> <span class='ocrx_word' id='word_1_31' title='bbox 483 951 610 1036; x_wconf 85' lang='grc' dir='ltr'><em>άγυιῶν</em></span> <span class='ocrx_word' id='word_1_32' title='bbox 628 957 668 1021; x_wconf 83' lang='grc' dir='ltr'><em>τά</em></span> <span class='ocrx_word' id='word_1_33' title='bbox 684 953 759 1042; x_wconf 88' lang='grc' dir='ltr'><em>παρ’</em></span> <span class='ocrx_word' id='word_1_34' title='bbox 780 956 893 1034; x_wconf 73' lang='grc' dir='ltr'><em>αὐτοῖς</em></span> <span class='ocrx_word' id='word_1_35' title='bbox 906 957 1093 1043; x_wconf 85' lang='grc' dir='ltr'><em>καλούμενα</em></span> <span class='ocrx_word' id='word_1_36' title='bbox 1107 959 1296 1042; x_wconf 91' lang='grc' dir='ltr'><em>μιλιαρίσια</em></span> 
     </span>
    </p>

    <p class='ocr_par' dir='ltr' id='par_1_3' title="bbox 235 1058 1295 1254">
     <span class='ocr_line' id='line_1_6' title="bbox 235 1058 1295 1150; baseline 0.003 -25"><span class='ocrx_word' id='word_1_37' title='bbox 235 1067 327 1149; x_wconf 71' lang='grc' dir='ltr'><em>,στῶ</em></span> <span class='ocrx_word' id='word_1_38' title='bbox 355 1061 479 1142; x_wconf 73' lang='grc' dir='ltr'><em>πλάθει</em></span> <span class='ocrx_word' id='word_1_39' title='bbox 509 1058 707 1128; x_wconf 77' lang='grc' dir='ltr'><em>ἐπεδίδοσαν</em></span> <span class='ocrx_word' id='word_1_40' title='bbox 733 1063 780 1139; x_wconf 84' lang='grc' dir='ltr'><em>είς</em></span> <span class='ocrx_word' id='word_1_41' title='bbox 806 1063 905 1147; x_wconf 77' lang='grc' dir='ltr'><em>τιμὴν</em></span> <span class='ocrx_word' id='word_1_42' title='bbox 931 1067 1132 1142; x_wconf 78' lang='grc' dir='ltr'><em>Σκιπίωνος·</em></span> <span class='ocrx_word' id='word_1_43' title='bbox 1163 1073 1295 1150; x_wconf 88' lang='grc' dir='ltr'><em>πρῶτος</em></span> 
     </span>
     <span class='ocr_line' id='line_1_7' title="bbox 278 1163 1290 1254; baseline 0.002 -22"><span class='ocrx_word' id='word_1_44' title='bbox 278 1169 343 1251; x_wconf 87' lang='grc' dir='ltr'><em>γάρ</em></span> <span class='ocrx_word' id='word_1_45' title='bbox 371 1165 471 1244; x_wconf 86' lang='grc' dir='ltr'><em>αὐτὸς</em></span> <span class='ocrx_word' id='word_1_46' title='bbox 494 1163 548 1232; x_wconf 78' lang='grc' dir='ltr'><em>ἐπὶ</em></span> <span class='ocrx_word' id='word_1_47' title='bbox 570 1178 629 1254; x_wconf 79' lang='grc' dir='ltr'><em>τῆς</em></span> <span class='ocrx_word' id='word_1_48' title='bbox 651 1167 825 1252; x_wconf 80' lang='grc' dir='ltr'><em>ἑκατοστῆς</em></span> <span class='ocrx_word' id='word_1_49' title='bbox 848 1165 984 1251; x_wconf 79' lang='grc' dir='ltr'><em>ἐννάτης</em></span> <span class='ocrx_word' id='word_1_50' title='bbox 1002 1167 1221 1254; x_wconf 77' lang='grc' dir='ltr'><em>Ὀλυμπιάδος</em></span> <span class='ocrx_word' id='word_1_51' title='bbox 1244 1165 1290 1234; x_wconf 87' lang='grc' dir='ltr'><em>δι’</em></span> 
     </span>
    </p>

    <p class='ocr_par' dir='ltr' id='par_1_4' title="bbox 169 1274 1295 1573">
     <span class='ocr_line' id='line_1_8' title="bbox 169 1274 1295 1361; baseline 0.004 -23"><span class='ocrx_word' id='word_1_52' title='bbox 169 1281 318 1339; x_wconf 77' lang='lat' dir='ltr'>XCedren.</span> <span class='ocrx_word' id='word_1_53' title='bbox 333 1274 467 1340; x_wconf 80' lang='grc' dir='ltr'><em>ἔνδειαν</em></span> <span class='ocrx_word' id='word_1_54' title='bbox 489 1278 631 1361; x_wconf 88' lang='grc' dir='ltr'><em>χρυσίου</em></span> <span class='ocrx_word' id='word_1_55' title='bbox 649 1286 719 1353; x_wconf 81' lang='grc' dir='ltr'><em>τοῖς</em></span> <span class='ocrx_word' id='word_1_56' title='bbox 737 1274 951 1359; x_wconf 77' lang='grc' dir='ltr'><em>στρατιώταις</em></span> <span class='ocrx_word' id='word_1_57' title='bbox 972 1274 1012 1338; x_wconf 88' lang='grc' dir='ltr'><em>τδι</em></span> <span class='ocrx_word' id='word_1_58' title='bbox 1033 1278 1218 1361; x_wconf 89' lang='grc' dir='ltr'><em>μιλιαρίσια</em></span> <span class='ocrx_word' id='word_1_59' title='bbox 1235 1299 1295 1342; x_wconf 87' lang='grc' dir='ltr'><em>κα-</em></span> 
     </span>
     <span class='ocr_line' id='line_1_9' title="bbox 277 1379 1293 1466; baseline 0.002 -21"><span class='ocrx_word' id='word_1_60' title='bbox 277 1382 481 1459; x_wconf 90' lang='grc' dir='ltr'><em>τασκευάσας</em></span> <span class='ocrx_word' id='word_1_61' title='bbox 504 1381 720 1466; x_wconf 78' lang='grc' dir='ltr'><em>ἐπιδέδωκεν,</em></span> <span class='ocrx_word' id='word_1_62' title='bbox 738 1379 897 1465; x_wconf 82' lang='grc' dir='ltr'><em>Ἀννίβου</em></span> <span class='ocrx_word' id='word_1_63' title='bbox 919 1389 988 1455; x_wconf 79' lang='grc' dir='ltr'><em>τοῖς</em></span> <span class='ocrx_word' id='word_1_64' title='bbox 1009 1381 1200 1465; x_wconf 78' lang='grc' dir='ltr'><em>πράγμασιν</em></span> <span class='ocrx_word' id='word_1_65' title='bbox 1221 1380 1293 1447; x_wconf 79' lang='grc' dir='ltr'><em>ἑπι-</em></span> 
     </span>
     <span class='ocr_line' id='line_1_10' title="bbox 278 1484 1288 1573; baseline -0.001 -20"><span class='ocrx_word' id='word_1_66' title='bbox 278 1487 443 1573; x_wconf 83' lang='grc' dir='ltr'><em>κειμίυου.</em></span> <span class='ocrx_word' id='word_1_67' title='bbox 489 1488 539 1555; x_wconf 83' lang='grc' dir='ltr'><em>ὅτι</em></span> <span class='ocrx_word' id='word_1_68' title='bbox 567 1487 684 1573; x_wconf 81' lang='grc' dir='ltr'><em>κέρδος</em></span> <span class='ocrx_word' id='word_1_69' title='bbox 711 1488 731 1571; x_wconf 81' lang='grc' dir='ltr'><em>ἡ</em></span> <span class='ocrx_word' id='word_1_70' title='bbox 759 1485 927 1573; x_wconf 79' lang='grc' dir='ltr'><em>ἐπίκαιρος</em></span> <span class='ocrx_word' id='word_1_71' title='bbox 954 1486 1047 1561; x_wconf 85' lang='grc' dir='ltr'><em>δόσις</em></span> <span class='ocrx_word' id='word_1_72' title='bbox 1074 1484 1202 1567; x_wconf 78' lang='grc' dir='ltr'><em>λέγεται</em></span> <span class='ocrx_word' id='word_1_73' title='bbox 1230 1485 1288 1552; x_wconf 81' lang='grc' dir='ltr'><em>καὶ</em></span> 
     </span>
    </p>

    <p class='ocr_par' dir='ltr' id='par_1_5' title="bbox 237 1589 1289 1681">
     <span class='ocr_line' id='line_1_11' title="bbox 237 1589 1289 1681; baseline -0.002 -21"><span class='ocrx_word' id='word_1_74' title='bbox 237 1620 264 1660; x_wconf 86' lang='lat'><em>1⁰</em></span> <span class='ocrx_word' id='word_1_75' title='bbox 277 1599 464 1681; x_wconf 90' lang='grc' dir='ltr'><em>μιλιαρίσια</em></span> <span class='ocrx_word' id='word_1_76' title='bbox 488 1594 552 1660; x_wconf 78' lang='grc' dir='ltr'><em>ἀπὸ</em></span> <span class='ocrx_word' id='word_1_77' title='bbox 575 1603 633 1678; x_wconf 81' lang='grc' dir='ltr'><em>τῆς</em></span> <span class='ocrx_word' id='word_1_78' title='bbox 655 1595 799 1678; x_wconf 91' lang='grc' dir='ltr'><em>μιλιτίας</em></span> <span class='ocrx_word' id='word_1_79' title='bbox 822 1589 926 1659; x_wconf 74' lang='grc' dir='ltr'><em>οἱονεὶ</em></span> <span class='ocrx_word' id='word_1_80' title='bbox 948 1600 1006 1675; x_wconf 81' lang='grc' dir='ltr'><em>τῆς</em></span> <span class='ocrx_word' id='word_1_81' title='bbox 1028 1601 1181 1675; x_wconf 84' lang='grc' dir='ltr'><em>στρατιάς</em></span> <span class='ocrx_word' id='word_1_82' title='bbox 1204 1591 1289 1658; x_wconf 82' lang='grc' dir='ltr'><em>ὠνο-</em></span> 
     </span>
    </p>

    <p class='ocr_par' dir='ltr' id='par_1_6' title="bbox 203 1695 1289 1997">
     <span class='ocr_line' id='line_1_12' title="bbox 203 1695 1289 1787; baseline -0.002 -21"><span class='ocrx_word' id='word_1_83' title='bbox 203 1719 205 1723; x_wconf 88' lang='grc'><strong><em>·</em></strong></span> <span class='ocrx_word' id='word_1_84' title='bbox 237 1710 264 1766; x_wconf 84' lang='grc' dir='ltr'>Χ</span> <span class='ocrx_word' id='word_1_85' title='bbox 278 1703 465 1787; x_wconf 79' lang='grc' dir='ltr'><em>μάσδησαν.</em></span> <span class='ocrx_word' id='word_1_86' title='bbox 525 1701 543 1766; x_wconf 86' lang='grc' dir='ltr'>ὁ</span> <span class='ocrx_word' id='word_1_87' title='bbox 581 1695 619 1764; x_wconf 72' lang='grc' dir='ltr'><em>δὲ</em></span> <span class='ocrx_word' id='word_1_88' title='bbox 649 1699 827 1783; x_wconf 78' lang='grc' dir='ltr'><em>Δάρδανος</em></span> <span class='ocrx_word' id='word_1_89' title='bbox 864 1697 901 1763; x_wconf 80' lang='grc' dir='ltr'><em>ἕν</em></span> <span class='ocrx_word' id='word_1_90' title='bbox 936 1705 982 1787; x_wconf 76' lang='grc' dir='ltr'><em>τῷ</em></span> <span class='ocrx_word' id='word_1_91' title='bbox 1016 1696 1092 1784; x_wconf 79' lang='grc' dir='ltr'><em>περὶ</em></span> <span class='ocrx_word' id='word_1_92' title='bbox 1127 1704 1289 1783; x_wconf 75' lang='grc' dir='ltr'><em>σταθμῶν</em></span> 
     </span>
     <span class='ocr_line' id='line_1_13' title="bbox 276 1801 1289 1892; baseline -0.003 -20"><span class='ocrx_word' id='word_1_93' title='bbox 276 1811 394 1892; x_wconf 91' lang='grc' dir='ltr'><em>χιλίων</em></span> <span class='ocrx_word' id='word_1_94' title='bbox 424 1807 555 1891; x_wconf 81' lang='grc' dir='ltr'><em>ὀβολῶν</em></span> <span class='ocrx_word' id='word_1_95' title='bbox 583 1802 672 1887; x_wconf 76' lang='grc' dir='ltr'><em>λέγει</em></span> <span class='ocrx_word' id='word_1_96' title='bbox 698 1805 799 1870; x_wconf 92' lang='grc' dir='ltr'><em>πάλαι</em></span> <span class='ocrx_word' id='word_1_97' title='bbox 825 1801 982 1887; x_wconf 76' lang='grc' dir='ltr'><em>γενέσθαι</em></span> <span class='ocrx_word' id='word_1_98' title='bbox 1009 1807 1047 1871; x_wconf 88' lang='grc' dir='ltr'><em>τὸ</em></span> <span class='ocrx_word' id='word_1_99' title='bbox 1073 1806 1289 1890; x_wconf 89' lang='grc' dir='ltr'><em>μιλιαρίσιον,</em></span> 
     </span>
     <span class='ocr_line' id='line_1_14' title="bbox 274 1910 1288 1997; baseline 0.001 -19"><span class='ocrx_word' id='word_1_100' title='bbox 274 1911 330 1978; x_wconf 79' lang='grc' dir='ltr'><em>καὶ</em></span> <span class='ocrx_word' id='word_1_101' title='bbox 354 1912 418 1977; x_wconf 87' lang='grc' dir='ltr'><em>άπὸ</em></span> <span class='ocrx_word' id='word_1_102' title='bbox 442 1921 500 1996; x_wconf 76' lang='grc' dir='ltr'><em>τῆς</em></span> <span class='ocrx_word' id='word_1_103' title='bbox 522 1911 673 1996; x_wconf 83' lang='grc' dir='ltr'><em>χιλιάδος</em></span> <span class='ocrx_word' id='word_1_104' title='bbox 694 1923 762 1977; x_wconf 88' lang='grc' dir='ltr'><em>τῶν</em></span> <span class='ocrx_word' id='word_1_105' title='bbox 779 1911 909 1997; x_wconf 81' lang='grc' dir='ltr'><em>ὀβολῶν</em></span> <span class='ocrx_word' id='word_1_106' title='bbox 928 1910 1032 1990; x_wconf 78' lang='grc' dir='ltr'><em>οὕτως</em></span> <span class='ocrx_word' id='word_1_107' title='bbox 1049 1912 1288 1997; x_wconf 76' lang='grc' dir='ltr'><em>ὀνομασθῆναι.</em></span> 
     </span>
    </p>

    <p class='ocr_par' dir='ltr' id='par_1_7' title="bbox 344 2015 1341 2106">
     <span class='ocr_line' id='line_1_15' title="bbox 344 2015 1341 2106; baseline 0.005 -24"><span class='ocrx_word' id='word_1_108' title='bbox 344 2018 394 2083; x_wconf 90' lang='grc'><em>10.</em></span> <span class='ocrx_word' id='word_1_109' title='bbox 412 2015 497 2084; x_wconf 87' lang='grc' dir='ltr'><em>Μετ’</em></span> <span class='ocrx_word' id='word_1_110' title='bbox 511 2016 616 2103; x_wconf 80' lang='grc' dir='ltr'><em>αὐτὴν</em></span> <span class='ocrx_word' id='word_1_111' title='bbox 633 2021 716 2103; x_wconf 93' lang='grc' dir='ltr'><em>βότα</em></span> <span class='ocrx_word' id='word_1_112' title='bbox 732 2019 896 2104; x_wconf 88' lang='grc' dir='ltr'><em>ποόβλικα</em></span> <span class='ocrx_word' id='word_1_113' title='bbox 914 2016 1034 2085; x_wconf 80' lang='grc' dir='ltr'><em>ὡσανεὶ</em></span> <span class='ocrx_word' id='word_1_114' title='bbox 1048 2020 1201 2106; x_wconf 83' lang='grc' dir='ltr'><em>δημοσίαι</em></span> <span class='ocrx_word' id='word_1_115' title='bbox 1214 2030 1341 2087; x_wconf 78' lang='lat' dir='ltr'><strong>RrIV10</strong></span> 
     </span>
    </p>

    <p class='ocr_par' dir='ltr' id='par_1_8' title="bbox 233 2122 1288 2213">
     <span class='ocr_line' id='line_1_16' title="bbox 233 2122 1288 2213; baseline 0.002 -22"><span class='ocrx_word' id='word_1_116' title='bbox 233 2135 262 2191; x_wconf 91' lang='lat' dir='ltr'><strong>H</strong></span> <span class='ocrx_word' id='word_1_117' title='bbox 276 2125 378 2212; x_wconf 85' lang='grc' dir='ltr'><em>εὐχαί.</em></span> <span class='ocrx_word' id='word_1_118' title='bbox 425 2125 625 2213; x_wconf 80' lang='grc' dir='ltr'><em>ἱερούργουν</em></span> <span class='ocrx_word' id='word_1_119' title='bbox 652 2122 690 2192; x_wconf 75' lang='grc' dir='ltr'><em>δὲ</em></span> <span class='ocrx_word' id='word_1_120' title='bbox 715 2123 770 2192; x_wconf 83' lang='grc' dir='ltr'><em>καὶ</em></span> <span class='ocrx_word' id='word_1_121' title='bbox 798 2127 830 2192; x_wconf 74' lang='lat' dir='ltr'><em>ol</em></span> <span class='ocrx_word' id='word_1_122' title='bbox 857 2126 975 2192; x_wconf 85' lang='grc' dir='ltr'><em>ῦπατοι</em></span> <span class='ocrx_word' id='word_1_123' title='bbox 1002 2122 1086 2212; x_wconf 73' lang='grc' dir='ltr'><em>ὑπὲρ</em></span> <span class='ocrx_word' id='word_1_124' title='bbox 1113 2135 1171 2210; x_wconf 79' lang='grc' dir='ltr'><em>τῆς</em></span> <span class='ocrx_word' id='word_1_125' title='bbox 1192 2133 1288 2194; x_wconf 89' lang='grc' dir='ltr'><em>πολι-</em></span> 
     </span>
    </p>

    <p class='ocr_par' dir='ltr' id='par_1_9' title="bbox 199 2231 1287 2426">
     <span class='ocr_line' id='line_1_17' title="bbox 199 2231 1287 2317; baseline -0.001 -17"><span class='ocrx_word' id='word_1_126' title='bbox 199 2270 203 2281; x_wconf 90' lang='grc'><strong><em>·</em></strong></span> <span class='ocrx_word' id='word_1_127' title='bbox 232 2259 260 2300; x_wconf 80' lang='lat'><em>16</em></span> <span class='ocrx_word' id='word_1_128' title='bbox 274 2237 363 2310; x_wconf 84' lang='grc' dir='ltr'><em>τείας</em></span> <span class='ocrx_word' id='word_1_129' title='bbox 391 2232 447 2298; x_wconf 81' lang='grc' dir='ltr'><em>καὶ</em></span> <span class='ocrx_word' id='word_1_130' title='bbox 476 2241 538 2298; x_wconf 90' lang='grc' dir='ltr'><em>τοῦ</em></span> <span class='ocrx_word' id='word_1_131' title='bbox 568 2233 675 2316; x_wconf 75' lang='grc' dir='ltr'><em>δόμου</em></span> <span class='ocrx_word' id='word_1_132' title='bbox 706 2241 766 2298; x_wconf 90' lang='grc' dir='ltr'><em>τοῦ</em></span> <span class='ocrx_word' id='word_1_133' title='bbox 789 2231 984 2317; x_wconf 77' lang='grc' dir='ltr'><em>Ῥωμαϊκοῦ,</em></span> <span class='ocrx_word' id='word_1_134' title='bbox 1014 2231 1070 2298; x_wconf 78' lang='grc' dir='ltr'><em>καὶ</em></span> <span class='ocrx_word' id='word_1_135' title='bbox 1099 2234 1220 2310; x_wconf 89' lang='grc' dir='ltr'><em>πάντες</em></span> <span class='ocrx_word' id='word_1_136' title='bbox 1252 2235 1287 2299; x_wconf 85' lang='grc' dir='ltr'><em>οί</em></span> 
     </span>
     <span class='ocr_line' id='line_1_18' title="bbox 274 2332 1285 2426; baseline 0.001 -22"><span class='ocrx_word' id='word_1_137' title='bbox 274 2341 431 2426; x_wconf 86' lang='grc' dir='ltr'><em>άρχοντες</em></span> <span class='ocrx_word' id='word_1_138' title='bbox 451 2336 637 2422; x_wconf 83' lang='grc' dir='ltr'><em>ἐξάμνυντο</em></span> <span class='ocrx_word' id='word_1_139' title='bbox 656 2339 697 2404; x_wconf 83' lang='grc' dir='ltr'><em>τά</em></span> <span class='ocrx_word' id='word_1_140' title='bbox 714 2339 826 2404; x_wconf 89' lang='grc' dir='ltr'><em>δίκαια</em></span> <span class='ocrx_word' id='word_1_141' title='bbox 844 2339 1023 2423; x_wconf 82' lang='grc' dir='ltr'><em>φυλάττειν</em></span> <span class='ocrx_word' id='word_1_142' title='bbox 1036 2348 1106 2415; x_wconf 82' lang='grc' dir='ltr'><em>τοῖς</em></span> <span class='ocrx_word' id='word_1_143' title='bbox 1117 2332 1285 2422; x_wconf 82' lang='grc' dir='ltr'><em>ὑπηκόοις.</em></span> 
     </span>
    </p>

    <p class='ocr_par' dir='ltr' id='par_1_10' title="bbox 272 2442 1284 2638">
     <span class='ocr_line' id='line_1_19' title="bbox 272 2442 1284 2530; baseline -0.003 -17"><span class='ocrx_word' id='word_1_144' title='bbox 272 2445 327 2513; x_wconf 82' lang='grc' dir='ltr'><em>καὶ</em></span> <span class='ocrx_word' id='word_1_145' title='bbox 355 2444 443 2511; x_wconf 88' lang='grc' dir='ltr'><em>τοῦτ’</em></span> <span class='ocrx_word' id='word_1_146' title='bbox 476 2447 639 2530; x_wconf 84' lang='grc' dir='ltr'><em>ἔπραττον</em></span> <span class='ocrx_word' id='word_1_147' title='bbox 661 2446 770 2528; x_wconf 83' lang='grc' dir='ltr'><em>ὥσπερ</em></span> <span class='ocrx_word' id='word_1_148' title='bbox 794 2443 827 2524; x_wconf 79' lang='grc' dir='ltr'><em>ἐξ</em></span> <span class='ocrx_word' id='word_1_149' title='bbox 851 2443 1009 2528; x_wconf 80' lang='grc' dir='ltr'><em>ἀνάγκης,</em></span> <span class='ocrx_word' id='word_1_150' title='bbox 1033 2442 1103 2510; x_wconf 81' lang='grc' dir='ltr'><em>ἐπεὶ</em></span> <span class='ocrx_word' id='word_1_151' title='bbox 1125 2445 1284 2523; x_wconf 88' lang='grc' dir='ltr'><em>πολλάκις</em></span> 
     </span>
     <span class='ocr_line' id='line_1_20' title="bbox 272 2549 1283 2638; baseline 0 -20"><span class='ocrx_word' id='word_1_152' title='bbox 272 2559 545 2638; x_wconf 86' lang='grc' dir='ltr'><em>παρανομοῦντες</em></span> <span class='ocrx_word' id='word_1_153' title='bbox 576 2553 609 2616; x_wconf 78' lang='grc' dir='ltr'><em>οἱ</em></span> <span class='ocrx_word' id='word_1_154' title='bbox 636 2552 791 2637; x_wconf 78' lang='grc' dir='ltr'><em>ἄρχοντες</em></span> <span class='ocrx_word' id='word_1_155' title='bbox 820 2550 840 2635; x_wconf 75' lang='grc' dir='ltr'>ἢ</span> <span class='ocrx_word' id='word_1_156' title='bbox 872 2549 924 2616; x_wconf 78' lang='grc' dir='ltr'><em>ἐπὶ</em></span> <span class='ocrx_word' id='word_1_157' title='bbox 954 2552 1119 2637; x_wconf 85' lang='grc' dir='ltr'><em>δεκασμοῦ</em></span> <span class='ocrx_word' id='word_1_158' title='bbox 1148 2551 1283 2630; x_wconf 82' lang='grc' dir='ltr'><em>ἁλόντες</em></span> 
     </span>
    </p>

    <p class='ocr_par' dir='ltr' id='par_1_11' title="bbox 230 2656 1284 2746">
     <span class='ocr_line' id='line_1_21' title="bbox 230 2656 1284 2746; baseline 0 -21"><span class='ocrx_word' id='word_1_159' title='bbox 230 2670 257 2726; x_wconf 86' lang='lat' dir='ltr'>X</span> <span class='ocrx_word' id='word_1_160' title='bbox 272 2659 309 2725; x_wconf 80' lang='grc' dir='ltr'><em>ἐν</em></span> <span class='ocrx_word' id='word_1_161' title='bbox 328 2666 462 2746; x_wconf 78' lang='grc' dir='ltr'><em>φρουρᾷ</em></span> <span class='ocrx_word' id='word_1_162' title='bbox 479 2657 563 2742; x_wconf 84' lang='grc' dir='ltr'><em>πρὸς</em></span> <span class='ocrx_word' id='word_1_163' title='bbox 581 2669 647 2722; x_wconf 91' lang='grc' dir='ltr'><em>τῶν</em></span> <span class='ocrx_word' id='word_1_164' title='bbox 665 2658 842 2742; x_wconf 83' lang='grc' dir='ltr'><em>δημάρχων</em></span> <span class='ocrx_word' id='word_1_165' title='bbox 860 2656 1075 2741; x_wconf 82' lang='grc' dir='ltr'><em>άπετέδησαν.</em></span> <span class='ocrx_word' id='word_1_166' title='bbox 1105 2657 1160 2724; x_wconf 87' lang='grc' dir='ltr'><em>καὶ</em></span> <span class='ocrx_word' id='word_1_167' title='bbox 1179 2659 1284 2737; x_wconf 79' lang='grc' dir='ltr'><em>ἀδεῶς</em></span> 
     </span>
    </p>

    <p class='ocr_par' dir='ltr' id='par_1_12' title="bbox 230 2762 1282 3065">
     <span class='ocr_line' id='line_1_22' title="bbox 230 2762 1282 2850; baseline -0.001 -18"><span class='ocrx_word' id='word_1_168' title='bbox 230 2793 256 2833; x_wconf 80' lang='lat'><em>21</em></span> <span class='ocrx_word' id='word_1_169' title='bbox 271 2768 308 2833; x_wconf 87' lang='grc' dir='ltr'><em>τὸ</em></span> <span class='ocrx_word' id='word_1_170' title='bbox 330 2772 462 2850; x_wconf 75' lang='grc' dir='ltr'><em>πλῆθος</em></span> <span class='ocrx_word' id='word_1_171' title='bbox 485 2762 696 2829; x_wconf 83' lang='grc' dir='ltr'><em>άπέσκωπτεν</em></span> <span class='ocrx_word' id='word_1_172' title='bbox 718 2765 765 2841; x_wconf 79' lang='grc' dir='ltr'><em>εἰς</em></span> <span class='ocrx_word' id='word_1_173' title='bbox 787 2765 865 2841; x_wconf 87' lang='grc' dir='ltr'><em>τοὺς</em></span> <span class='ocrx_word' id='word_1_174' title='bbox 888 2765 1047 2848; x_wconf 86' lang='grc' dir='ltr'><em>άρχοντας</em></span> <span class='ocrx_word' id='word_1_175' title='bbox 1070 2764 1110 2829; x_wconf 87' lang='grc' dir='ltr'><em>οὐ</em></span> <span class='ocrx_word' id='word_1_176' title='bbox 1129 2764 1282 2850; x_wconf 73' lang='grc' dir='ltr'><em>βήμασιν,</em></span> 
     </span>
     <span class='ocr_line' id='line_1_23' title="bbox 271 2866 1282 2955; baseline 0 -18"><span class='ocrx_word' id='word_1_177' title='bbox 271 2871 355 2937; x_wconf 86' lang='grc' dir='ltr'><em>άλλά</em></span> <span class='ocrx_word' id='word_1_178' title='bbox 376 2870 433 2937; x_wconf 78' lang='grc' dir='ltr'><em>καὶ</em></span> <span class='ocrx_word' id='word_1_179' title='bbox 457 2873 620 2955; x_wconf 73' lang='grc' dir='ltr'><em>σχήμασιν</em></span> <span class='ocrx_word' id='word_1_180' title='bbox 643 2866 697 2935; x_wconf 77' lang='grc' dir='ltr'><em>ἐπὶ</em></span> <span class='ocrx_word' id='word_1_181' title='bbox 718 2871 755 2934; x_wconf 87' lang='grc' dir='ltr'><em>τὸ</em></span> <span class='ocrx_word' id='word_1_182' title='bbox 778 2871 952 2951; x_wconf 85' lang='grc' dir='ltr'><em>γελοιῶδες</em></span> <span class='ocrx_word' id='word_1_183' title='bbox 975 2871 1100 2952; x_wconf 77' lang='grc' dir='ltr'><em>ἔχουσι·</em></span> <span class='ocrx_word' id='word_1_184' title='bbox 1122 2880 1220 2936; x_wconf 91' lang='grc' dir='ltr'><em>τοῦτο</em></span> <span class='ocrx_word' id='word_1_185' title='bbox 1244 2868 1282 2937; x_wconf 70' lang='grc' dir='ltr'><em>δὲ</em></span> 
     </span>
     <span class='ocr_line' id='line_1_24' title="bbox 270 2973 1282 3065; baseline -0.002 -21"><span class='ocrx_word' id='word_1_186' title='bbox 270 2981 433 3065; x_wconf 82' lang='grc' dir='ltr'><em>ἔπραττον</em></span> <span class='ocrx_word' id='word_1_187' title='bbox 457 2979 504 3053; x_wconf 78' lang='grc' dir='ltr'><em>εἰς</em></span> <span class='ocrx_word' id='word_1_188' title='bbox 526 2975 625 3060; x_wconf 80' lang='grc' dir='ltr'><em>τιμὴν</em></span> <span class='ocrx_word' id='word_1_189' title='bbox 648 2974 849 3061; x_wconf 77' lang='grc' dir='ltr'><em>ἐλευθερίας,</em></span> <span class='ocrx_word' id='word_1_190' title='bbox 872 2973 926 3039; x_wconf 77' lang='grc' dir='ltr'><em>καὶ</em></span> <span class='ocrx_word' id='word_1_191' title='bbox 949 2975 982 3040; x_wconf 79' lang='grc' dir='ltr'><em>οἱ</em></span> <span class='ocrx_word' id='word_1_192' title='bbox 1004 2976 1160 3059; x_wconf 86' lang='grc' dir='ltr'><em>άρχοντες</em></span> <span class='ocrx_word' id='word_1_193' title='bbox 1177 2975 1282 3042; x_wconf 84' lang='grc' dir='ltr'><em>ἐνεδί-</em></span> 
     </span>
    </p>

    <p class='ocr_par' dir='ltr' id='par_1_13' title="bbox 194 3081 1280 3171">
     <span class='ocr_line' id='line_1_25' title="bbox 194 3081 1280 3171; baseline -0.003 -19"><span class='ocrx_word' id='word_1_194' title='bbox 194 3097 256 3152; x_wconf 84' lang='grc' dir='ltr'><em>ΧΗ</em></span> <span class='ocrx_word' id='word_1_195' title='bbox 270 3086 385 3170; x_wconf 93' lang='grc' dir='ltr'><em>δοσαν,</em></span> <span class='ocrx_word' id='word_1_196' title='bbox 408 3081 529 3150; x_wconf 81' lang='grc' dir='ltr'><em>ὡσανεί</em></span> <span class='ocrx_word' id='word_1_197' title='bbox 553 3086 644 3171; x_wconf 79' lang='grc' dir='ltr'><em>νόμῳ</em></span> <span class='ocrx_word' id='word_1_198' title='bbox 668 3091 706 3168; x_wconf 75' lang='grc' dir='ltr'><em>τῇ</em></span> <span class='ocrx_word' id='word_1_199' title='bbox 725 3085 888 3169; x_wconf 79' lang='grc' dir='ltr'><em>συνηθείᾳ</em></span> <span class='ocrx_word' id='word_1_200' title='bbox 905 3091 1184 3167; x_wconf 85' lang='grc' dir='ltr'><em>παραχωροῦντες.</em></span> <span class='ocrx_word' id='word_1_201' title='bbox 1224 3082 1280 3149; x_wconf 83' lang='grc' dir='ltr'><em>καὶ</em></span> 
     </span>
    </p>
   </div>
   <div class='ocr_carea' id='block_1_3' title="bbox 266 3271 1279 3914">
    <p class='ocr_par' dir='ltr' id='par_1_14' title="bbox 266 3271 1279 3914">
     <span class='ocr_line' id='line_1_26' title="bbox 340 3271 1279 3355; baseline 0 -25"><span class='ocrx_word' id='word_1_202' title='bbox 340 3295 364 3331; x_wconf 91' lang='lat' dir='ltr'><em>v.</em></span> <span class='ocrx_word' id='word_1_203' title='bbox 380 3283 395 3332; x_wconf 91' lang='lat'>1</span> <span class='ocrx_word' id='word_1_204' title='bbox 416 3276 478 3344; x_wconf 75' lang='grc' dir='ltr'><em>ἱερὰ</em></span> <span class='ocrx_word' id='word_1_205' title='bbox 492 3274 541 3330; x_wconf 82' lang='grc' dir='ltr'><em>διὰ</em></span> <span class='ocrx_word' id='word_1_206' title='bbox 554 3274 590 3329; x_wconf 87' lang='grc' dir='ltr'><em>τδι</em></span> <span class='ocrx_word' id='word_1_207' title='bbox 604 3274 642 3344; x_wconf 87' lang='grc' dir='ltr'><em>Χ,</em></span> <span class='ocrx_word' id='word_1_208' title='bbox 662 3291 729 3330; x_wconf 73' lang='lat' dir='ltr'><strong>corr.</strong></span> <span class='ocrx_word' id='word_1_209' title='bbox 744 3274 787 3328; x_wconf 86' lang='lat' dir='ltr'><em>Rr</em></span> <span class='ocrx_word' id='word_1_210' title='bbox 841 3279 857 3327; x_wconf 87' lang='grc'>3</span> <span class='ocrx_word' id='word_1_211' title='bbox 877 3271 1011 3355; x_wconf 84' lang='grc' dir='ltr'><em>δόγμασιν</em></span> <span class='ocrx_word' id='word_1_212' title='bbox 1024 3275 1053 3328; x_wconf 88' lang='grc' dir='ltr'><strong><em>Β</em></strong></span> <span class='ocrx_word' id='word_1_213' title='bbox 1107 3280 1123 3329; x_wconf 88' lang='grc'><strong>6</strong></span> <span class='ocrx_word' id='word_1_214' title='bbox 1142 3276 1238 3339; x_wconf 76' lang='grc' dir='ltr'><em>αὐτοῖς</em></span> <span class='ocrx_word' id='word_1_215' title='bbox 1250 3276 1279 3330; x_wconf 88' lang='grc' dir='ltr'><strong><em>Β</em></strong></span> 
     </span>
     <span class='ocr_line' id='line_1_27' title="bbox 270 3343 1277 3416; baseline 0.001 -14"><span class='ocrx_word' id='word_1_216' title='bbox 270 3354 285 3402; x_wconf 84' lang='grc'>9</span> <span class='ocrx_word' id='word_1_217' title='bbox 305 3346 348 3402; x_wconf 74' lang='grc' dir='ltr'><em>’ότι</em></span> <span class='ocrx_word' id='word_1_218' title='bbox 361 3346 462 3415; x_wconf 77' lang='grc' dir='ltr'><em>κέρδος</em></span> <span class='ocrx_word' id='word_1_219' title='bbox 475 3379 510 3388; x_wconf 95' lang='grc'>-</span> <span class='ocrx_word' id='word_1_220' title='bbox 524 3343 631 3416; x_wconf 80' lang='grc' dir='ltr'><em>λέγεται</em></span> <span class='ocrx_word' id='word_1_221' title='bbox 645 3345 722 3400; x_wconf 78' lang='lat' dir='ltr'>omis.</span> <span class='ocrx_word' id='word_1_222' title='bbox 737 3345 775 3413; x_wconf 89' lang='grc' dir='ltr'><em>Χ,</em></span> <span class='ocrx_word' id='word_1_223' title='bbox 795 3362 847 3415; x_wconf 85' lang='lat' dir='ltr'><em>sup</em></span> <span class='ocrx_word' id='word_1_224' title='bbox 866 3344 921 3399; x_wconf 81' lang='lat' dir='ltr'>lev1</span> <span class='ocrx_word' id='word_1_225' title='bbox 939 3361 954 3400; x_wconf 83' lang='grc' dir='ltr'><em>ε</em></span> <span class='ocrx_word' id='word_1_226' title='bbox 969 3343 1067 3416; x_wconf 82' lang='lat' dir='ltr'>Georg.</span> <span class='ocrx_word' id='word_1_227' title='bbox 1083 3343 1197 3402; x_wconf 63' lang='lat' dir='ltr'><strong>Oedren</strong></span> <span class='ocrx_word' id='word_1_228' title='bbox 1211 3347 1277 3402; x_wconf 79' lang='lat' dir='ltr'><strong>hist.</strong></span> 
     </span>
     <span class='ocr_line' id='line_1_28' title="bbox 269 3363 1279 3490; baseline -0.001 -17"><span class='ocrx_word' id='word_1_229' title='bbox 269 3435 357 3490; x_wconf 78' lang='lat' dir='ltr'><strong>comp.</strong></span> <span class='ocrx_word' id='word_1_230' title='bbox 373 3437 400 3490; x_wconf 91' lang='lat' dir='ltr'><em>p.</em></span> <span class='ocrx_word' id='word_1_231' title='bbox 416 3424 477 3486; x_wconf 75' lang='lat'><strong>296,</strong></span> <span class='ocrx_word' id='word_1_232' title='bbox 493 3423 509 3471; x_wconf 84' lang='grc'>3</span> <span class='ocrx_word' id='word_1_233' title='bbox 523 3418 615 3472; x_wconf 89' lang='lat' dir='ltr'><strong>Bonn:</strong></span> <span class='ocrx_word' id='word_1_234' title='bbox 636 3414 678 3471; x_wconf 85' lang='grc' dir='ltr'><em>ότι</em></span> <span class='ocrx_word' id='word_1_235' title='bbox 696 3413 793 3485; x_wconf 79' lang='grc' dir='ltr'><em>κέρδος</em></span> <span class='ocrx_word' id='word_1_236' title='bbox 810 3415 827 3486; x_wconf 75' lang='grc' dir='ltr'>ἡ</span> <span class='ocrx_word' id='word_1_237' title='bbox 847 3363 990 3485; x_wconf 63' lang='grc' dir='ltr'><em>ίπίκαιρος</em></span> <span class='ocrx_word' id='word_1_238' title='bbox 1007 3415 1084 3480; x_wconf 85' lang='grc' dir='ltr'><em>δόσις</em></span> <span class='ocrx_word' id='word_1_239' title='bbox 1101 3414 1215 3487; x_wconf 78' lang='grc' dir='ltr'><em>λέγεται,</em></span> <span class='ocrx_word' id='word_1_240' title='bbox 1234 3439 1279 3488; x_wconf 84' lang='grc' dir='ltr'><em>μι·</em></span> 
     </span>
     <span class='ocr_line' id='line_1_29' title="bbox 267 3484 1274 3559; baseline -0.001 -15"><span class='ocrx_word' id='word_1_241' title='bbox 267 3492 391 3559; x_wconf 83' lang='grc' dir='ltr'><em>λιαρίσια</em></span> <span class='ocrx_word' id='word_1_242' title='bbox 405 3487 436 3544; x_wconf 70' lang='grc' dir='ltr'><em>δὲ</em></span> <span class='ocrx_word' id='word_1_243' title='bbox 451 3489 508 3544; x_wconf 80' lang='grc' dir='ltr'><em>άπὸ</em></span> <span class='ocrx_word' id='word_1_244' title='bbox 527 3496 576 3558; x_wconf 78' lang='grc' dir='ltr'><em>τῆς</em></span> <span class='ocrx_word' id='word_1_245' title='bbox 589 3485 708 3557; x_wconf 83' lang='grc' dir='ltr'><em>μιλιτίας</em></span> <span class='ocrx_word' id='word_1_246' title='bbox 724 3485 811 3558; x_wconf 82' lang='grc' dir='ltr'><em>ἤγουν</em></span> <span class='ocrx_word' id='word_1_247' title='bbox 825 3484 974 3555; x_wconf 82' lang='grc' dir='ltr'><em>στρατείας,</em></span> <span class='ocrx_word' id='word_1_248' title='bbox 993 3486 1008 3542; x_wconf 85' lang='grc' dir='ltr'><em>δ</em></span> <span class='ocrx_word' id='word_1_249' title='bbox 1027 3487 1079 3559; x_wconf 83' lang='grc' dir='ltr'><em>γὰρ</em></span> <span class='ocrx_word' id='word_1_250' title='bbox 1094 3486 1221 3545; x_wconf 83' lang='grc' dir='ltr'><em>Σκιπίων</em></span> <span class='ocrx_word' id='word_1_251' title='bbox 1235 3487 1274 3544; x_wconf 85' lang='grc' dir='ltr'><em>δι’</em></span> 
     </span>
     <span class='ocr_line' id='line_1_30' title="bbox 268 3556 1276 3632; baseline -0.003 -16"><span class='ocrx_word' id='word_1_252' title='bbox 268 3560 381 3616; x_wconf 73' lang='grc' dir='ltr'><em>ἔνδειαν</em></span> <span class='ocrx_word' id='word_1_253' title='bbox 394 3593 430 3602; x_wconf 96' lang='grc'><strong>-</strong></span> <span class='ocrx_word' id='word_1_254' title='bbox 445 3565 461 3616; x_wconf 89' lang='grc'>8</span> <span class='ocrx_word' id='word_1_255' title='bbox 476 3557 651 3628; x_wconf 75' lang='grc' dir='ltr'><em>ἐπικειμένου</em></span> <span class='ocrx_word' id='word_1_256' title='bbox 723 3563 754 3612; x_wconf 93' lang='grc'><em>11</em></span> <span class='ocrx_word' id='word_1_257' title='bbox 774 3556 927 3625; x_wconf 86' lang='grc' dir='ltr'><em>δαρδάνιος</em></span> <span class='ocrx_word' id='word_1_258' title='bbox 944 3559 983 3625; x_wconf 87' lang='lat' dir='ltr'><em>X,</em></span> <span class='ocrx_word' id='word_1_259' title='bbox 1003 3556 1153 3627; x_wconf 80' lang='grc' dir='ltr'><em>Δάρδανος</em></span> <span class='ocrx_word' id='word_1_260' title='bbox 1170 3559 1276 3632; x_wconf 82' lang='lat' dir='ltr'><strong>scripsi,</strong></span> 
     </span>
     <span class='ocr_line' id='line_1_31' title="bbox 267 3628 1276 3700; baseline 0.001 -14"><span class='ocrx_word' id='word_1_261' title='bbox 267 3631 302 3686; x_wconf 83' lang='lat' dir='ltr'><em>cf.</em></span> <span class='ocrx_word' id='word_1_262' title='bbox 326 3631 461 3687; x_wconf 79' lang='lat' dir='ltr'><strong>Priscian.</strong></span> <span class='ocrx_word' id='word_1_263' title='bbox 486 3631 530 3686; x_wconf 82' lang='lat' dir='ltr'><em>ed.</em></span> <span class='ocrx_word' id='word_1_264' title='bbox 553 3630 590 3684; x_wconf 88' lang='lat' dir='ltr'><em>M.</em></span> <span class='ocrx_word' id='word_1_265' title='bbox 608 3629 693 3684; x_wconf 78' lang='lat' dir='ltr'>Hertz</span> <span class='ocrx_word' id='word_1_266' title='bbox 716 3628 788 3699; x_wconf 82' lang='lat' dir='ltr'>(Keil</span> <span class='ocrx_word' id='word_1_267' title='bbox 810 3628 902 3683; x_wconf 79' lang='lat' dir='ltr'><strong>Gram.</strong></span> <span class='ocrx_word' id='word_1_268' title='bbox 924 3628 974 3684; x_wconf 74' lang='lat' dir='ltr'><strong>lat.</strong></span> <span class='ocrx_word' id='word_1_269' title='bbox 992 3630 1041 3700; x_wconf 90' lang='lat' dir='ltr'>III)</span> <span class='ocrx_word' id='word_1_270' title='bbox 1058 3630 1084 3684; x_wconf 88' lang='lat' dir='ltr'><strong>H</strong></span> <span class='ocrx_word' id='word_1_271' title='bbox 1105 3647 1133 3700; x_wconf 91' lang='lat' dir='ltr'><em>p.</em></span> <span class='ocrx_word' id='word_1_272' title='bbox 1153 3635 1218 3700; x_wconf 82' lang='lat'>408,</span> <span class='ocrx_word' id='word_1_273' title='bbox 1234 3636 1276 3689; x_wconf 88' lang='lat'><em>18.</em></span> 
     </span>
     <span class='ocr_line' id='line_1_32' title="bbox 266 3699 1274 3773; baseline 0 -16"><span class='ocrx_word' id='word_1_274' title='bbox 266 3707 329 3773; x_wconf 83' lang='lat'>409,</span> <span class='ocrx_word' id='word_1_275' title='bbox 344 3708 379 3757; x_wconf 79' lang='lat'><em>30</em></span> <span class='ocrx_word' id='word_1_276' title='bbox 440 3710 473 3757; x_wconf 83' lang='lat'><em>13</em></span> <span class='ocrx_word' id='word_1_277' title='bbox 493 3700 575 3765; x_wconf 73' lang='grc' dir='ltr'><em>οὗτος</em></span> <span class='ocrx_word' id='word_1_278' title='bbox 587 3701 615 3756; x_wconf 79' lang='grc' dir='ltr'><strong><em>Α</em></strong></span> <span class='ocrx_word' id='word_1_279' title='bbox 677 3705 710 3754; x_wconf 79' lang='lat' dir='ltr'><em>lb</em></span> <span class='ocrx_word' id='word_1_280' title='bbox 729 3700 891 3771; x_wconf 79' lang='grc' dir='ltr'><em>λεροόργουν</em></span> <span class='ocrx_word' id='word_1_281' title='bbox 905 3731 939 3741; x_wconf 91' lang='grc'><strong>-</strong></span> <span class='ocrx_word' id='word_1_282' title='bbox 954 3705 986 3754; x_wconf 79' lang='lat'><em>20</em></span> <span class='ocrx_word' id='word_1_283' title='bbox 1005 3699 1183 3770; x_wconf 77' lang='grc' dir='ltr'><em>άπετέθησαν</em></span> <span class='ocrx_word' id='word_1_284' title='bbox 1197 3701 1274 3757; x_wconf 76' lang='lat' dir='ltr'><strong>omis.</strong></span> 
     </span>
     <span class='ocr_line' id='line_1_33' title="bbox 267 3768 1276 3844; baseline 0 -16"><span class='ocrx_word' id='word_1_285' title='bbox 267 3773 300 3828; x_wconf 90' lang='lat' dir='ltr'><em>X</em></span> <span class='ocrx_word' id='word_1_286' title='bbox 352 3779 387 3828; x_wconf 75' lang='lat'><em>24</em></span> <span class='ocrx_word' id='word_1_287' title='bbox 403 3782 436 3844; x_wconf 83' lang='grc' dir='ltr'><em>τῆ</em></span> <span class='ocrx_word' id='word_1_288' title='bbox 451 3770 540 3844; x_wconf 75' lang='grc' dir='ltr'><em>ἡμέρα</em></span> <span class='ocrx_word' id='word_1_289' title='bbox 553 3772 639 3841; x_wconf 80' lang='grc' dir='ltr'><em>ταάτη</em></span> <span class='ocrx_word' id='word_1_290' title='bbox 654 3771 702 3825; x_wconf 77' lang='grc' dir='ltr'><em>καί</em></span> <span class='ocrx_word' id='word_1_291' title='bbox 715 3771 742 3826; x_wconf 74' lang='grc' dir='ltr'><em>οἱ</em></span> <span class='ocrx_word' id='word_1_292' title='bbox 756 3768 940 3826; x_wconf 84' lang='grc' dir='ltr'><em>οίωνοσκόποι</em></span> <span class='ocrx_word' id='word_1_293' title='bbox 953 3770 1029 3840; x_wconf 83' lang='grc' dir='ltr'><em>παρὰ</em></span> <span class='ocrx_word' id='word_1_294' title='bbox 1042 3768 1176 3842; x_wconf 75' lang='grc' dir='ltr'><em>βωμαίοις</em></span> <span class='ocrx_word' id='word_1_295' title='bbox 1189 3771 1276 3837; x_wconf 70' lang='grc' dir='ltr'><em>οὕτως</em></span> 
     </span>
     <span class='ocr_line' id='line_1_34' title="bbox 267 3841 897 3914; baseline -0.002 -17"><span class='ocrx_word' id='word_1_296' title='bbox 267 3841 427 3911; x_wconf 73' lang='grc' dir='ltr'><em>ἐθέσπιζον·</em></span> <span class='ocrx_word' id='word_1_297' title='bbox 448 3843 544 3914; x_wconf 76' lang='grc' dir='ltr'><em>ἐπειδὴ</em></span> <span class='ocrx_word' id='word_1_298' title='bbox 564 3842 616 3914; x_wconf 81' lang='grc' dir='ltr'><em>γάρ</em></span> <span class='ocrx_word' id='word_1_299' title='bbox 635 3845 671 3912; x_wconf 83' lang='lat' dir='ltr'><em>(p.</em></span> <span class='ocrx_word' id='word_1_300' title='bbox 687 3847 728 3911; x_wconf 77' lang='lat'><em>⁷5,</em></span> <span class='ocrx_word' id='word_1_301' title='bbox 742 3845 843 3914; x_wconf 78' lang='grc' dir='ltr'><em>8)·κτλ.</em></span> <span class='ocrx_word' id='word_1_302' title='bbox 862 3842 897 3896; x_wconf 89' lang='lat' dir='ltr'><em>H</em></span> 
     </span>
    </p>
   </div>
   <div class='ocr_carea' id='block_1_4' title="bbox 0 0 1542 4598">
    <p class='ocr_par' dir='ltr' id='par_1_15' title="bbox 0 0 1542 4598">
     <span class='ocr_line' id='line_1_35' title="bbox 0 0 1542 4598; baseline 0 4"><span class='ocrx_word' id='word_1_303' title='bbox 0 0 1542 4598; x_wconf 95' lang='lat' dir='ltr'><em> </em></span> 
     </span>
    </p>
   </div>
  </div>
 </body>
</html>
