3074 4598
685 507 890 563 PRAEFATIO
1251 516 1288 574 LI

276 679 409 756 amplam
440 674 512 734 fecit
544 676 714 752 epitomem.
769 691 895 750 quarum
929 675 1121 754 reliquiarum
1157 679 1287 743 codicem

275 769 344 828 Vat.
358 763 424 823 Pal.
439 783 482 841 gr.
498 766 560 824 141
587 764 659 824 olim
681 761 837 840 indagavit
858 762 1000 826 Nicolaus
1020 765 1169 826 Scbowius
1192 785 1285 844 eoque

276 858 308 917 in
332 851 446 914 edendo
467 851 545 912 libro
569 852 606 912 de
628 849 779 910 mensibus
802 868 874 909 usus
893 854 939 911 est
957 846 1085 937 (1794);
1107 855 1139 914 in
1158 854 1287 919 alterum

273 941 381 1005 incidit
404 938 435 1000 Ο.
449 940 484 999 Β.
497 939 609 1000 Husius
626 939 693 998 Par.
712 958 756 1017 gr.
772 940 867 1014 1409,
890 939 925 999 de
949 961 1007 1018 quo
1029 943 1124 1003 fusius
1147 943 1286 1006 disseruit

273 1053 303 1110 p.
325 1029 379 1090 XL
410 1027 615 1088 commentarii
649 1027 682 1086 in
709 1026 851 1086 Ioannem
877 1026 994 1104 Lydum
1024 1031 1188 1110 conscripti.
1233 1033 1285 1094 sed

274 1122 331 1180 hac
353 1119 385 1177 in
408 1138 440 1178 re
463 1135 523 1175 non
546 1117 626 1194 Lydi
654 1116 782 1176 editores
812 1115 890 1176 solos
920 1135 1055 1178 curemus
1083 1139 1200 1182 necesse
1231 1125 1284 1198 est,

274 1207 327 1270 sed
348 1207 419 1267 illos
449 1225 568 1283 quoque
590 1206 670 1268 viros
701 1205 816 1279 doctos,
845 1203 898 1281 qui
926 1205 962 1266 de
991 1207 1129 1269 universa
1157 1210 1211 1270 illu
1239 1231 1284 1271 re-

274 1296 411 1358 censione
434 1299 469 1355 ut
490 1295 535 1356 ita
558 1296 656 1356 dicam
677 1292 831 1354 Planudea
854 1297 988 1373 egerunt.
1029 1315 1154 1372 quorum
1171 1299 1283 1375 primus

271 1385 439 1447 laudandus
474 1388 520 1444 est
547 1385 680 1464 Angelus
710 1382 822 1459 Maius,
855 1383 909 1459 qui
937 1382 1119 1460 Scriptorum
1149 1389 1283 1448 veterum

271 1494 351 1537 nova
382 1474 555 1535 collectione
585 1472 710 1534 tomi]
732 1492 761 1548 p.
785 1473 848 1531 552
873 1490 937 1550 sqq.
966 1476 1083 1549 nanat,
1115 1492 1146 1534 se
1177 1474 1282 1536 Dionis

271 1563 368 1626 Cassii
382 1567 528 1642 excerpta,
544 1563 651 1642 quibus
666 1561 820 1621 abundant
829 1560 942 1621 codices
951 1560 1104 1636 Planudei
1117 1563 1282 1640 repperisse

269 1655 302 1714 in
321 1653 436 1714 duobus
448 1653 604 1714 Vaticanis
622 1649 781 1726 codicibus,
800 1644 880 1710 ‘nam
898 1651 1004 1711 tertius
1023 1650 1098 1712 alius
1110 1651 1281 1715 Planudeus

272 1745 415 1822 pauciore
444 1743 549 1802 Dionis
579 1743 748 1820 fragmenta
777 1734 888 1800 hubet':
922 1739 1030 1818 quibus
1058 1740 1155 1801 verbis
1184 1740 1280 1803 Maius

269 1833 433 1910 inspexisse
456 1850 486 1890 se
509 1831 597 1890 illum
620 1830 763 1904 codicem,
792 1829 844 1889 sed
873 1847 960 1890 usum
989 1849 1104 1890 eonon
1127 1849 1190 1891 esse
1213 1849 1281 1892 con·

270 1921 381 1980 fitetur.
432 1917 577 1978 maiorem
607 1919 712 1979 deinde
742 1937 843 1977 curum
872 1918 1017 1996 excerptis
1049 1919 1109 1979 illis
1140 1919 1280 1982 adhibere

269 2010 431 2085 coeperunt
447 2006 506 2066 uiri
524 2005 613 2082 docti,
635 2009 795 2082 postquam
813 2005 984 2066 Theodorus
997 2007 1159 2068 Mommsen
1174 2009 1280 2071 horum

268 2097 383 2157 animos
401 2095 433 2154 in
452 2113 487 2154 ea
508 2095 657 2155 convertit
679 2093 886 2153 dissertatione
908 2094 1036 2154 Hermae
1059 2096 1278 2158 v01.V11872

267 2207 296 2264 p.
317 2186 358 2244 82
379 2203 445 2261 sqq.
465 2182 580 2261 publici
601 2182 674 2242 iuris
696 2181 778 2240 factu
802 2177 903 2240 ‘ueber
924 2182 972 2242 die
995 2183 1062 2242 dem
1084 2182 1201 2244 Cassius
1219 2185 1277 2246 Dio

267 2274 455 2354 beigelegten
469 2271 551 2332 Teile
567 2271 620 2331 der
632 2269 849 2331 Plunudiscben
862 2271 924 2330 und
937 2273 990 2331 der
1003 2270 1279 2335 Constantinischen

267 2355 455 2440 Excerpte'1.
498 2364 569 2438 post
594 2361 680 2420 illum
707 2360 787 2420 enim
817 2358 930 2421 codices
953 2359 1118 2421 Plunudeos
1145 2361 1222 2422 adiit
1242 2363 1278 2424 a.

266 2451 460 2513 Picoolomini
489 2451 623 2527 dixitque
654 2448 690 2509 de
718 2448 756 2508 iis
778 2448 896 2508 Rivista
925 2449 956 2508 di
984 2449 1115 2528 filologia
1136 2450 1168 2509 H
1192 2452 1253 2511 187
1257 2453 1276 2512 3

264 2543 500 2619 p.101-117,
524 2538 699 2600 149-163
723 2530 872 2620 (‘Intorno
895 2537 925 2596 ai
948 2537 1126 2598 collectanea
1149 2539 1180 2599 di
1199 2539 1277 2602 Mas-

266 2629 341 2689 simo
363 2619 544 2709 Planude'),
577 2627 629 2687 ubi
664 2626 737 2688 duos
770 2625 838 2686 illos
865 2624 941 2686 Maii
970 2625 1131 2689 Vaticanos
1163 2628 1276 2691 codices

265 2717 440 2778 Palatinum
471 2734 612 2796 graecum
645 2718 706 2775 141
740 2718 772 2774 et
801 2713 982 2776 Vaticanum
1010 2718 1071 2778 951
1104 2716 1195 2777 fuisse
1227 2717 1276 2780 de-

264 2810 423 2882 monstrat,
446 2805 555 2883 quibus
578 2805 664 2876 addit
684 2803 853 2864 Parisinum
875 2824 1014 2884 graecum
1038 2809 1121 2868 1409
1146 2809 1177 2866 et
1198 2805 1276 2868 Lau·

265 2896 436 2956 rentianum
471 2895 546 2972 plut.
578 2893 655 2970 LIX,
678 2895 730 2954 30.
782 2894 957 2972 supplentur
992 2898 1091 2954 autem
1127 2914 1162 2955 ea
1199 2915 1275 2973 quae

263 2985 392 3062 protulit
413 2984 460 3044 vir
482 2983 669 3044 doctissimus
688 2982 854 3043 Hermanni
870 2981 998 3059 Hauptii
1019 2983 1273 3060 disquisitionibus

264 3068 367 3133 ‘ueber
398 3072 446 3133 die
477 3072 630 3131 Herkunft
665 3071 718 3130 der
750 3072 817 3130 dem
848 3069 968 3131 Cassius
998 3072 1056 3131 Dio
1085 3070 1273 3150 beigelegten

264 3160 484 3221 Planudischen
507 3154 666 3237 Excerpte’
683 3159 812 3218 Hermae
830 3159 888 3219 vol.
901 3158 972 3218 XIV
991 3160 1075 3219 1879
1088 3180 1118 3237 p.
1133 3161 1272 3237 36-64,

264 3251 469 3321 291-297,
499 3251 530 3307 et
562 3243 658 3306 ‘Neue
680 3247 821 3324 Beitrttge
850 3267 886 3305 zu
915 3248 972 3306 den
994 3247 1191 3326 Fiagmenten
1220 3248 1271 3310 des

263 3337 322 3398 Dio
356 3331 495 3412 Cassius',
529 3335 660 3395 eiusdem
690 3334 850 3395 voluminis
876 3355 907 3412 p.
929 3337 1118 3412 430-4463
1146 3335 1271 3398 ultimus

263 3427 300 3486 de
322 3426 369 3486 his
393 3423 533 3485 disseruit
554 3424 591 3484 Κ.
613 3424 649 3482 Κ.
672 3423 797 3483 Mueller
813 3423 910 3482 Musei
930 3424 1054 3484 rhenani
1071 3425 1129 3485 vol.
1146 3423 1272 3487 XXXVI

336 3596 437 3677 ¹quae
460 3594 495 3650 de
521 3592 658 3666 excerptis
681 3593 833 3648 Planudeis
856 3593 1028 3677 conscriptae
1051 3595 1116 3676 sunt
1138 3592 1268 3677 disserta-

261 3666 352 3749 tiones
372 3665 523 3748 diligenter
541 3666 740 3748 enumerantur
750 3665 794 3748 ‘ab
807 3664 841 3720 U
855 3663 906 3719 Ph.
919 3664 1082 3720 Borssevain
1100 3682 1130 3719 m
1146 3665 1268 3722 editione

261 3734 1268 3881 99191919919999199991919

260 3896 279 3934 a
297 3879 403 3936 (lebete
422 3879 502 3950 (idus.
521 3878 605 3936 Borb.
623 3879 759 3936 II-F-9
778 3895 799 3933 s.
812 3875 886 3948 XIV)
905 3895 957 3950 ego
974 3895 1030 3934 non
1047 3878 1114 3935 vidi.

1070 3966 1108 4021 d·
