3074 4598
292 501 335 565 28
681 486 791 544 LIBER
808 486 929 541 ALTER

172 697 174 703 v
238 662 427 746 Ῡδούσίαν,
450 661 495 735 ὥς
518 671 622 741 φησιν
646 649 664 715 ὁ
686 649 908 735 Παρμενίδης.
948 649 1140 738 πάνταγὰρ
1163 653 1204 718 τὰ
1226 675 1307 736 ²²⁰⁷]-

251 776 277 829 Y
290 769 330 832 τὰ
354 767 390 833 έν
412 775 452 850 τῇ
475 760 588 848 τριάδι
612 754 812 840 περιέχεται,
838 751 894 818 καὶ
915 763 979 831 πᾶς
1002 754 1020 820 δ
1043 762 1136 834 θεῖος
1159 758 1307 846 ἀριθμὸς

290 872 327 938 έν
349 882 389 957 τῇ
411 869 502 947 τάξει
524 863 628 948 ταάτη
651 863 893 947 προελήλυθεν,
917 861 961 936 ὡς
983 860 1038 926 καί
1061 863 1160 943 αὐτὸς
1177 866 1196 932 ὁ
1214 871 1304 935 Χας.

290 979 383 1051 δαῖος
405 974 443 1040 έν
465 981 537 1047 τοῖς
560 970 700 1051 λογίοις·

261 1137 274 1178 ι
332 1115 432 1197 τῆσδε
454 1113 519 1198 γάρ
543 1111 580 1176 ε’ν
603 1109 741 1196 τριάδος
762 1110 898 1184 κόλποις
920 1111 1079 1196 ἔσπαρται
1101 1113 1240 1198 ἅπαντα,

287 1253 342 1320 καὶ
365 1257 480 1320 πάλιν·

287 1539 344 1604 διὰ
375 1536 437 1623 μέν
468 1548 568 1605 τοῦτο
603 1539 635 1603 ολ
664 1539 896 1623 Πυθαγόρειοι
923 1536 1043 1621 τριάδα
1069 1532 1131 1621 μὲν
1162 1536 1199 1601 έν
1230 1537 1302 1625 ἀρι-

192 1705 196 1711 .
286 1650 397 1729 θμοῖς,
421 1644 459 1710 ἐν
483 1640 521 1710 δέ
544 1645 687 1730 σχήμασι
710 1643 747 1707 τὸ
771 1642 983 1728 ὀρθογώνιον
1000 1645 1165 1727 τρίγωνον
1187 1643 1301 1709 ὑποτί-

247 1771 272 1812 10
285 1757 403 1817 θενται
427 1760 593 1835 στοιχεῖον
616 1758 674 1832 τῆς
696 1759 764 1813 τῶν
788 1747 875 1813 ὅλων
896 1747 1063 1832 γενέσεως.
1099 1749 1137 1815 ἓν
1158 1745 1220 1835 μέν
1239 1745 1302 1816 οὖν

285 1855 407 1942 μέτρον
430 1855 516 1940 ἐστί,
542 1852 621 1921 καθ’
645 1853 664 1920 ὃ
688 1853 829 1939 συνέστη
857 1854 875 1920 δ
903 1854 1074 1940 ἀσώματος
1100 1853 1155 1922 καὶ
1182 1859 1302 1941 νοητὸς

284 1964 419 2048 κόσμος·
442 1962 603 2046 δεύτερον
626 1957 665 2027 δὲ
686 1960 819 2048 μέτρον,
841 1960 918 2028 καθ’
941 1961 960 2028 δ
982 1963 1086 2049 ἐπάγη
1104 1963 1123 2030 ὁ
1141 1966 1302 2048 αἰσθητὸς

285 2069 438 2157 οὐρανός,
464 2068 618 2153 πέμπτην
641 2070 752 2154 λαχὼν
774 2067 829 2136 καὶ
852 2069 1028 2156 θειοτέραν
1051 2070 1179 2155 οὐσίαν,
1208 2072 1301 2159 ἀτρε·

282 2201 368 2244 τιτον
389 2175 444 2243 καλ
468 2176 690 2261 ἀμετάβολον·
712 2180 828 2262 τρίτον
849 2173 887 2243 δὲ
909 2176 985 2244 καθ’
1009 2176 1027 2242 δ
1048 2177 1299 2264 έδημιουρνήθη

243 2304 269 2344 1⁵
282 2286 323 2350 τὰ
345 2285 411 2350 ὑπὸ
436 2285 595 2366 σελήνην,
624 2281 661 2347 έιι
687 2294 755 2348 τῶν
776 2283 947 2368 τεσσάρων
969 2285 1144 2368 δυνάμεων
1166 2282 1299 2367 γένεσιν

282 2389 337 2456 καὶ
361 2391 499 2475 φθορὰν
522 2388 748 2473 έπιδεχόμενα,

229 2505 285 2559 ΧΥ
359 2497 390 2562 9.
417 2497 486 2579 Τὴν
505 2491 543 2561 δέ
561 2496 721 2580 τετάρτην
743 2495 870 2583 ἡμέραν
888 2499 1079 2582 Στίλβοντι,
1102 2495 1152 2562 ἑνί
1171 2509 1239 2564 τῶν
1247 2508 1352 2579 RrILS

282 2606 460 2687 πλανήτων
477 2599 547 2667 κατ’
564 2603 773 2684 Αἰγυπτίους
791 2603 877 2669 οὕτω
897 2603 1102 2693 καλουμένῳ,
1125 2602 1297 2690 ἀνέθεντο,

283 2709 320 2786 ὃς
340 2709 372 2789 ἐξ
387 2716 463 2775 ίσου
477 2703 558 2773 ποτέ
577 2704 639 2792 μὲν
657 2708 810 2795 ὑγραίνει
823 2706 903 2775 ποτέ
921 2706 959 2775 δὲ
976 2710 1134 2796 ξηραίνει,
1151 2734 1297 2796 πνευμα-

241 2835 267 2874 2⁰
281 2816 441 2900 τοάμενος
463 2816 530 2881 ὑπὸ
554 2823 612 2897 της
634 2812 710 2900 περὶ
733 2816 794 2880 τὸν
815 2816 912 2899 ἥλιον
932 2814 1155 2900 ὀξυκινησίας·
1173 2816 1297 2903 Ἑρμοῦ

188 2933 267 2987 XYS
282 2918 320 2987 δέ
342 2931 463 2988 τοῦτον
473 2921 633 3004 Ἕλληνες
656 2915 742 2986 εἶναι
760 2922 948 3006 βούλονται.
990 2921 1079 3010 αὐτῷ
1101 2925 1218 2987 τοίνυν
1236 2926 1297 3008 τὴν
1334 2923 1337 2929 ’

280 3029 421 3112 τετράδα
454 3031 487 3094 ολ
517 3033 785 3112 φιλοσοφοῦντες
816 3027 977 3094 ἀνέθεντο
1009 3029 1054 3105 ὡς
1085 3028 1196 3117 έφόρρι
1228 3043 1296 3097 τῶν

351 3220 377 3256 v
394 3210 408 3256 1
429 3202 463 3257 cf.
478 3202 553 3257 Plat.
567 3202 695 3257 Parmen
709 3221 736 3273 p
752 3208 803 3258 145
876 3208 900 3257 ὁ
918 3201 1032 3258 7Kroll
1046 3203 1091 3258 Or.
1107 3202 1204 3258 Chald.
1218 3223 1245 3275 p.
1262 3212 1296 3261 18

351 3379 376 3415 v
397 3368 411 3415 1
432 3379 501 3451 φησι
523 3360 588 3417 &D
679 3359 888 3432 ἳπεριέχονται
912 3365 963 3417 cet.
983 3363 1040 3417 dee.
1063 3362 1087 3417 S
1108 3365 1112 3435 Ι
1136 3361 1251 3419 bomin
1265 3366 1296 3421 D

280 3439 296 3486 ὁ
315 3430 428 3496 κόλποις
432 3382 513 3499 ἐτάρ
533 3451 593 3487 εται
611 3432 665 3487 δελ
683 3431 827 3487 codicibus
849 3432 987 3500 vindicat,
1010 3432 1059 3503 qui
1082 3437 1177 3489 tamen
1200 3452 1296 3492 omnes

279 3503 365 3572 ἔσπαρ
366 3507 441 3574 ται(
431 3454 657 3574 ΗΟΒάῙΡθΜ
676 3502 818 3558 exhibent.
877 3501 968 3572 λέκέρ
970 3522 1037 3560 ασεν
1050 3505 1094 3573 Μ,
1108 3504 1220 3574 ἐκέρασε
1234 3507 1295 3562 rell.

280 3581 314 3628 10
333 3573 475 3646 γενέσεως]
494 3573 626 3644 γίνεσθαι
645 3574 676 3628 D
730 3580 761 3628 11
781 3572 896 3645 συνέστη
915 3526 1101 3645 ἀσώματοςέ)
1156 3583 1188 3631 12
1204 3577 1295 3649 ἐπάγη

278 3643 415 3715 αἰσθητός
432 3647 463 3701 D
537 3650 570 3700 13
552 3645 722 3771 οὐρανὸς]
744 3653 812 3708 νοῦς
830 3646 865 3699 Μ
938 3652 970 3699 17
989 3667 1040 3728 την
1058 3650 1097 3717 (τε
1116 3648 1180 3702 add.
1194 3650 1233 3718 A)
1251 3668 1295 3704 τε·

278 3716 382 3797 τάρτην
400 3715 553 3805 ἡμέραν
525 3720 564 3770 τῶ
583 3715 652 3786 έρμῇ
671 3713 707 3771 ἀν
721 3719 808 3772 θεντο
827 3714 858 3779 δς
880 3715 908 3782 ἐξ
932 3716 1024 3772 ἴσου
1016 3736 1070 3773 mc.
1090 3719 1122 3772 X
1210 3720 1295 3776 1911

279 3786 356 3842 omis.
376 3789 404 3841 A
491 3792 525 3841 20
540 3770 695 3856 Ερμοῦ-
710 3793 742 3841 21
751 3787 911 3912 βούλονται
929 3788 1008 3843 omis.
1027 3790 1058 3844 X
1142 3795 1175 3843 21
1196 3787 1238 3845 δτι
1255 3797 1294 3864 τῷ

279 3857 346 3928 έρμῇ
364 3858 416 3928 τὴν
434 3857 604 3926 τετράδα-
570 3875 645 3927 -p.
662 3863 732 3928 29‚4
771 3877 873 3935 ρχυτας
890 3858 921 3913 δὲ
940 3860 1042 3916 κύκλον
1062 3858 1150 3928 αὐτήν
1168 3848 1297 3931 φησινδ
