3074 4598
265 469 353 525 tvm
668 470 875 528 PRAEFATIO

265 648 319 719 τῆς
339 642 502 722 γερουσίας,
525 636 599 720 ίπέρ
621 647 674 718 τῆς
701 649 787 720 τιμῆς
809 649 869 702 τῶν
890 637 967 702 νέων
988 641 1096 715 τεθείς·
1119 643 1279 726 ίουνιῶρας

265 727 321 812 γάρ
339 730 409 803 τοὺς
426 728 586 809 νεωτέρους
603 728 705 807 φασίν.
737 730 850 804 ἰούλιος
864 726 895 790 δὲ
910 726 968 790 άπὸ
982 737 1034 789 τοῦ
1048 728 1160 792 ιὀυλίου
1173 737 1278 796 καίσα-

266 841 327 900 ρος,
350 817 391 892 ὡς
413 813 478 880 κατ’
499 817 589 903 αὐτὸν
610 814 779 897 τεχθέντος,
806 819 948 900 πρότερον
975 814 1008 878 δέ
1033 819 1178 893 κυντίλιος
1200 820 1277 884 ὠνο-

266 909 380 989 μάζετο,
407 905 536 968 τουτέστι
557 901 689 985 πέμπτος
710 904 769 969 άπὸ
792 917 845 987 τῆς
872 911 1022 985 πολιτικῆς
1044 915 1097 968 τοῦ
1118 906 1201 982 ἔτους
1223 908 1277 992 olp-

264 1006 331 1079 χῆς·
361 994 419 1058 άπὸ
448 993 504 1076 γὰρ
534 1002 585 1073 τῆς
615 994 762 1075 ἱερατικῆς
791 994 884 1078 ἀρχῆς
912 993 977 1074 ῆτοι
1003 1002 1061 1055 τῶν
1088 995 1277 1075 αὐξιφοιτίων

266 1084 391 1167 ἕβδομός
413 1081 500 1144 έστιν.
540 1081 703 1163 αὔγουστος
727 1082 837 1162 ὁμοίως
859 1081 918 1146 άπὸ
941 1083 1106 1166 αὐγούστον
1119 1085 1275 1168 ’καίσαρος

264 1173 406 1256 πρότερον
437 1169 468 1234 δέ
498 1172 637 1247 σεξτίλιυς
665 1170 838 1253 ὠνομάζετο,
871 1170 911 1247 ὡς
940 1171 1021 1246 ἕκτος
1051 1170 1108 1235 άπὸ
1138 1178 1275 1257 μαρτίου·

265 1261 481 1342 μετωνομάσθη
509 1258 540 1323 δέ
570 1261 612 1337 είς
638 1261 727 1343 τιμὴν
754 1263 936 1345 αάμοάστου,
968 1259 1007 1335 ὥς
1035 1265 1276 1341 καταπαύσαντος

263 1350 333 1425 τοὺς
355 1349 519 1430 ἐμφυλίους
541 1349 689 1432 πολέμους
715 1350 765 1412 καί
789 1350 951 1432 ὁμονοῆσαι
972 1351 1084 1425 πάντας
1105 1353 1275 1430 πείσαντος·

262 1439 313 1503 καί
338 1438 440 1519 ἐπειδὴ
469 1434 512 1523 (p.
533 1443 610 1517 150,
629 1434 665 1525 8)
685 1473 727 1483 -
746 1438 939 1523 ὡμολόγησαν
968 1437 1183 1526 (ρ.150,15).
1227 1463 1275 1506 σε-

262 1528 421 1612 πτέμβριος
439 1525 472 1591 δὲ
490 1527 615 1610 ἕβδομος
633 1527 692 1590 ἀπὸ
710 1538 763 1590 τοῦ
782 1522 867 1610 ἦρος·
890 1528 995 1610 σέπτεμ
1012 1528 1067 1612 γάρ
1084 1528 1119 1590 τὰ
1136 1531 1206 1594 ἑπτά
1224 1533 1276 1596 καὶ

262 1616 315 1700 {ito
337 1618 370 1681 τὸ
397 1617 461 1701 ἔαρ·
485 1614 644 1699 ὀκτάβριος
668 1615 773 1699 ὄγδοος
796 1617 855 1681 ἀπὸ
878 1628 931 1681 τοῦ
953 1611 1026 1701 ἦρος
1047 1617 1097 1680 καί
1118 1620 1275 1702 νοέμβριος

260 1706 311 1770 καί
333 1705 504 1789 δεκέμβριος
526 1704 642 1786 ὁμοίως.

328 1798 461 1858 videmus
484 1797 591 1876 igitur,
617 1796 780 1856 Maximum
803 1800 943 1875 peremto
969 1800 1034 1860 toto
1057 1799 1205 1861 volumine
1227 1821 1275 1861 re·

261 1886 350 1947 diisse
373 1886 413 1947 ed
434 1886 554 1946 initium
576 1885 646 1946 libri
670 1886 770 1963 questi
793 1890 824 1946 et
847 1906 951 1948 cemes
972 1887 1124 1950 nominum
1147 1891 1273 1970 sinfflnlis

260 1975 409 2036 mensibus
436 1976 600 2039 inditorum
626 1975 659 2036 in
685 1975 743 2035 fine
771 1976 954 2038 collectionis
980 1977 1124 2056 posuisse:
1152 1983 1183 2040 et
1209 1981 1273 2040 eius

261 2084 379 2143 quoque
403 2065 620 2127 dissertationis
643 2065 807 2144 particulos
836 2065 875 2126 sd
897 2085 981 2128 susm
1004 2087 1150 2145 quumque
1173 2069 1275 2129 sedem

259 2174 398 2216 revocare
426 2173 491 2216 sum
519 2158 643 2217 conatus
671 2146 731 2236 (ed.
754 2175 782 2232 p.
803 2157 858 2233 63,
878 2158 897 2216 3
917 2175 985 2235 epp.
1014 2158 1070 2231 83,
1089 2160 1107 2217 2
1127 2177 1195 2235 spp.
1220 2160 1272 2235 91,

262 2246 303 2305 16
323 2264 391 2322 app.
416 2247 490 2320 118,
509 2247 528 2305 9
548 2264 617 2323 epp.
643 2245 717 2319 127,
737 2245 777 2304 15
793 2263 861 2321 app.
892 2246 965 2320 136,
985 2248 1026 2305 14
1045 2265 1111 2322 app.
1142 2249 1271 2320 141,13

259 2353 328 2410 app.
354 2336 562 2411 149,19npp.
588 2335 661 2407 150,
677 2334 785 2393 8—15
812 2335 886 2408 158,
902 2336 941 2393 16
953 2352 1021 2412 epp.
1042 2336 1114 2408 159,
1125 2327 1235 2415 2-4).

325 2424 426 2500 Atque
454 2424 528 2483 hoec
558 2422 678 2500 quidem
706 2422 851 2482 hactenus
880 2423 917 2481 de
945 2423 1114 2482 recensione
1140 2423 1271 2483 Lnuren-

258 2511 335 2570 tisni
356 2511 427 2570 libri
449 2530 468 2570 n
490 2512 621 2572 Maximo
643 2510 778 2570 Plennde
801 2511 941 2571 institute
968 2511 1062 2588 deque
1087 2511 1167 2572 illius
1191 2513 1271 2572 codi-

260 2599 354 2676 cibus3
377 2601 551 2677 priusquam
574 2604 676 2660 nutem
698 2598 836 2676 princeps
855 2599 887 2658 in
904 2600 1001 2659 lucem
1018 2600 1151 2677 prodiret
1168 2602 1271 2676 editio,

261 2687 305 2748 usi
336 2706 372 2748 ee
403 2692 473 2749 sunt
502 2721 544 2731 -
575 2692 681 2766 atque,
711 2689 747 2746 ut
777 2687 889 2748 Hosius
920 2688 1134 2749 demonstravit
1165 2708 1270 2750 comm.

258 2797 287 2853 p.
306 2776 371 2850 XL,
398 2776 464 2854 ipso
492 2776 591 2837 codice
614 2777 639 2835 F
663 2808 705 2817 -
728 2775 885 2851 Boivinus‚
913 2796 980 2836 cum
1006 2781 1093 2836 notus
1120 2778 1158 2836 ed
1182 2778 1270 2838 Nice·

257 2865 384 2941 phorum
406 2863 568 2942 Gregorum
590 2865 622 2922 in
645 2863 774 2922 editione
792 2864 930 2923 Parisino
953 2864 1024 2923 enni
1044 2866 1128 2924 1702
1150 2866 1270 2942 adsper-

257 2970 305 3013 sus
329 2952 456 3011 oraculis
475 2950 643 3011 (lheldnicis
662 2944 721 3032 (ed.
740 2970 769 3026 p.
790 2945 963 3032 26,16ο1.)
983 2955 1109 3026 ornaret,
1132 2956 1163 3011 et
1180 2952 1269 3013 Olan-

257 3042 324 3101 dius
348 3039 525 3115 Selmssius‚
553 3040 606 3117 qui
633 3036 794 3098 secundum
816 3038 933 3116 Lydum
957 3032 1000 3120 (p.
1022 3041 1055 3114 2,
1074 3042 1190 3116 24-3,
1210 3034 1268 3124 12)

257 3130 294 3190 de
316 3129 411 3190 tribus
434 3129 520 3206 Eryli
543 3127 651 3187 animis
674 3128 770 3204 deque
792 3127 889 3188 tribus
914 3129 1031 3188 animae
1052 3129 1185 3205 pertibus
1209 3130 1269 3191 dis-

256 3219 350 3278 seruit
371 3218 403 3278 in
426 3219 505 3279 notis
528 3221 559 3277 et
581 3216 886 3277 animadversionibus
907 3218 938 3276 in
956 3218 1126 3293 Epictetum
1143 3221 1174 3277 et
1192 3217 1268 3279 Sim·

256 3307 388 3384 plicium,
411 3306 505 3387 Lugd
527 3306 596 3365 Est.
621 3307 717 3380 1640,
738 3325 768 3381 p.
789 3307 866 3381 2553
892 3304 1029 3382 idemque
1053 3305 1213 3367 Salmasius
1236 3309 1269 3367 in

257 3395 404 3456 Plininnis
436 3393 696 3456 exercitationibus
727 3393 760 3453 in
791 3393 822 3456 0.
852 3394 923 3454 Iulii
952 3393 1048 3454 Solini
1078 3394 1269 3472 Polyhistorn

257 3477 402 3566 (Traiecti
425 3485 463 3545 nd
486 3484 622 3544 Rhenum
646 3474 748 3562 1689)
777 3484 977 3560 compluribus
1004 3483 1076 3544 locis
1103 3483 1269 3545 docuinam

255 3574 370 3650 profert
391 3572 571 3651 Lydinnnm:

323 3682 352 3739 p.
373 3655 483 3723 lle:
510 3662 665 3721 Ioannes
692 3658 811 3736 Lydus
839 3660 880 3720 de
908 3661 1151 3722 deminutione
1179 3662 1267 3721 Feb·

508 3750 624 3810 ruarii
654 3749 785 3809 mensis
814 3748 866 3810 τὸν
895 3749 1098 3831 Φεβρουάριον
1121 3783 1162 3792 -
1185 3760 1268 3830 τιμᾶ·

509 3843 582 3900 σεο
604 3838 649 3899 eu
671 3859 701 3916 p.
720 3840 772 3914 ss,
793 3840 888 3899 e-e.
