3074 4598
497 521 607 579 LIBER
626 521 803 588 QUARTUS.
830 523 1032 581 LANUARIUS
1226 528 1269 594 69

257 692 367 774 ὥσπερ
390 683 472 753 οὐδὲ
492 684 655 772 κεραυνὸς
677 684 763 750 ὅπου
782 695 876 770 συκῆ,
899 687 984 754 άλλά
1003 685 1058 752 καί
1076 687 1268 774 σκεδαστικὴ
1280 701 1358 758 xPs

257 793 440 880 φασμάτων
470 792 552 858 ἐστί·
584 789 688 876 ταύτῃ
715 812 768 854 τοι
795 789 850 857 καί
878 795 911 858 οἰ
938 791 982 859 δι’
1011 794 1148 878 ὀνείρων
1172 797 1268 872 δείας

256 909 369 984 τυχεῖν
408 897 604 983 ἐπιφανείας
645 895 848 981 ἱμειρόμευοι
886 899 1034 984 ἰσχάδων
1067 895 1121 964 καί
1155 901 1269 984 μόνων

255 1004 575 1092 μεταλαμβάνουσιν.
609 999 680 1067 ἐπεί
699 996 736 1067 δέ
753 999 809 1067 καί
828 1002 940 1088 φύλλα
957 1007 1087 1092 δάφνης
1103 1007 1182 1092 μετὰ
1199 1015 1267 1072 τῶν
1278 1017 1332 1074 XP

200 1122 307 1181 RrIV5
327 1111 474 1195 ἰσχάδων
494 1108 767 1191 συυεπεδίδουτο,
792 1106 989 1193 ἐπεκράτησε
1011 1110 1104 1198 μέχρι
1125 1110 1180 1178 καί
1202 1120 1267 1178 νῦν
1293 1139 1306 1181 ε

254 1219 276 1302 η
300 1219 478 1301 σιωήδεια,
502 1216 539 1283 ἐυ
561 1224 632 1293 τοῖς
654 1214 801 1300 ἀγγείοις
822 1224 891 1279 τῶν
914 1215 1061 1301 ἰσχάδων
1081 1217 1133 1284 καί
1156 1219 1267 1305 φύλλα

254 1323 385 1410 δάφνης
412 1323 646 1409 ἐμβάλλεσθαι.
696 1319 840 1406 διέμειυε
869 1318 907 1388 δέ
936 1323 1025 1408 ὅμως
1054 1325 1090 1390 τὸ
1120 1329 1200 1403 ἔθος
1230 1327 1306 1393 ἐκΧ

255 1432 359 1516 μόνης
395 1431 554 1519 εὐπορίας
589 1426 783 1512 ἐναλλαγέυ·
821 1425 896 1495 άυτί
930 1426 993 1514 μὲν
1029 1431 1091 1516 γάρ
1122 1432 1266 1516 ἰσχάδων

254 1536 428 1605 ἐπιδίδωσι
447 1542 592 1622 πόπανα,
611 1533 686 1602 άυτί
704 1531 742 1601 δέ
760 1547 828 1602 τῶν
847 1535 986 1621 φύλλων
1004 1539 1148 1623 χρυσίου.
1184 1543 1266 1603 πλα-

253 1653 396 1724 κοῦντας
428 1642 466 1712 δέ
491 1645 644 1729 Ῥωμαῖοι
672 1643 714 1709 τά
745 1640 780 1708 ἐκ
810 1641 941 1729 μέλιτος
969 1646 1101 1711 πόπανα
1127 1649 1266 1711 καλοῦσι
1279 1673 1307 1713 ιο

254 1752 370 1818 διὰτὸ
394 1751 432 1818 ἐν
455 1753 645 1838 Πλακεντίη
666 1760 706 1837 τῇ
728 1752 824 1816 πόλει
846 1759 905 1834 τῆς
917 1748 1060 1828 Ἰταλίας
1079 1760 1210 1837 πρῶτον
1232 1750 1266 1832 ἐξ

249 1857 420 1941 Ἑλλήνων
442 1855 471 1941 ἣ
486 1862 615 1944 μᾶλλον
642 1855 678 1923 ἐκ
700 1860 841 1941 Σαμίων
867 1857 930 1941 τὴν
955 1857 1113 1943 τοιαύτην
1138 1857 1267 1944 ἐδωδὴν

251 1970 450 2049 παρελθεῖν,
473 1962 529 2029 καί
551 1963 610 2028 διὰ
632 1972 730 2029 τοῦτο
754 1962 860 2040 οὕτως
882 1961 1051 2049 λέγεσθαι,
1073 1965 1116 2041 ὡς
1141 1969 1267 2051 Ταραυ·

252 2079 328 2135 τῑνα
350 2068 415 2134 άπὸ
444 2071 613 2155 Τάραντος
634 2067 691 2134 καί
709 2069 905 2153 Κανουβικδ
927 2069 992 2135 άπὸ
1011 2071 1189 2154 Καυούβου
1210 2070 1266 2138 καί

252 2176 370 2241 Κοπτά
401 2173 467 2241 άπὸ
494 2177 642 2241 Κοπτοῦ.
690 2175 820 2260 Σάμιος
855 2173 895 2238 δέ
923 2199 974 2252 τις
1005 2187 1132 2261 πρῶτος
1159 2181 1265 2261 μέλιτι
1279 2204 1305 2246 ιι

252 2284 407 2368 φωράσας
435 2284 539 2367 άρτου
565 2280 785 2347 κατεσκεύασε
806 2283 904 2346 Δίων
924 2280 981 2347 καί
1004 2283 1066 2366 τὴν
1086 2281 1266 2368 λεγομένην

253 2391 396 2473 σίσαμον
410 2386 543 2474 ἐξεῦρεν
561 2386 599 2453 ἐυ
616 2396 656 2473 τῇ
671 2387 788 2475 Σάμῳ·
809 2388 892 2453 ὅθεν
904 2385 961 2452 καί
975 2385 1130 2473 συγγενὲς
1142 2406 1266 2476 προση-

251 2498 351 2579 γορία
373 2502 434 2559 τοῦ
456 2501 586 2580 καρποῦ
609 2493 647 2559 τὸ
670 2496 803 2579 χωρίον.

217 2620 234 2668 6
320 2598 350 2664 5.
378 2597 553 2684 Ἐδέχοντο
584 2593 623 2663 δέ
649 2596 704 2664 ἐπί
730 2607 790 2682 τῆς
813 2600 934 2684 Ῥώμης
965 2601 998 2666 οἰ
1031 2601 1266 2690 αὐτοκράτορες

251 2708 413 2793 φιλήματι
432 2708 510 2784 τοὺς
528 2707 692 2791 άρχουτας
709 2705 794 2792 πρὸς
811 2705 911 2790 τιμὴν
929 2706 1129 2794 ἐλευθερίας,
1147 2707 1265 2775 άπελα-
1278 2736 1305 2776 ω

250 2813 384 2881 δέυτωυ
415 2823 483 2879 τῶν
519 2812 696 2899 τυράννων
732 2813 789 2879 διά
824 2813 979 2899 Βρούτου
1015 2823 1075 2881 τοῦ
1101 2814 1266 2902 Ῥωμαίων

249 2922 388 2987 ὑπάτου.

202 3040 285 3094 1Π17
322 3029 351 3092 6.
370 3025 443 3092 Ὅτι
471 3027 562 3114 ἰερὸν
588 3026 672 3091 κατὰ
692 3027 754 3091 τὸν
771 3024 961 3112 Ἰάμβλιχον
987 3027 1006 3095 ὁ
1030 3030 1159 3114 δράκων
1180 3030 1262 3098 ἐστι’·
1275 3041 1324 3097 YS

322 3201 347 3238 v.
362 3188 397 3237 24
411 3183 674 3251 πνευματικάτατον
688 3213 723 3222 -
736 3199 764 3251 p.
781 3187 824 3252 70,
834 3187 869 3235 12
883 3182 1121 3254 συμπαρείληπται
1132 3184 1264 3258 legantur

249 3252 280 3307 in
290 3251 406 3307 Eusebii
418 3268 516 3323 praep.
530 3251 602 3321 ev.1‚
618 3257 661 3321 10,
670 3257 714 3321 46,
730 3251 765 3306 cf.
776 3251 896 3322 Traube,
909 3252 1078 3310 Libamenta
1087 3256 1182 3312 cn'tica
1191 3276 1218 3328 p.
1229 3265 1262 3314 2⁶

320 3412 345 3449 v.
365 3399 380 3447 1
401 3391 471 3448 ἀλλὰ
489 3393 549 3466 καί]
569 3390 612 3446 ὅτι
626 3392 685 3448 XS
754 3398 770 3446 2
789 3391 946 3463 φαρμάκων
960 3396 1031 3463 XP,
1049 3396 1198 3466 φασμάτων
1216 3398 1263 3524 δὲ

247 3463 336 3591 muz?
348 3464 387 3590 εἰ
410 3463 494 3589 ξύει
512 3470 555 3589 21⁸
575 3460 1115 3594 {gcssffdfflaff’ffffiwssm‘fsalae
1129 3465 1262 3596 μόνωτον

248 3543 298 3662 {al
311 3616 374 3669 ταῖς
391 3556 501 3677 ίσφχάσιν
515 3576 672 3673 ἐπἐδίδοτο,
691 3556 817 3674 φανερύυ
834 3605 865 3660 ἐκ
877 3615 927 3661 τοῦ
941 3555 1081 3679 μέχριἝαί
1095 3559 1190 3665 vmz
1202 3621 1261 3674 τοῖς

249 3676 373 3748 ἀγγείοις
390 3681 448 3732 κτλ.
462 3676 494 3731 Χ
565 3681 580 3728 ’ί
601 3673 632 3730 ἐκ
646 3674 799 3746 συνηθείας
814 3676 1000 3747 ἐμβάλλεσθαι
1014 3679 1046 3733 X
1059 3682 1064 3750 Ι
1079 3679 1260 3754 ἐμβάλλεσθαι

250 3752 302 3804 oet.
318 3749 375 3804 des.
385 3748 415 3803 P
476 3753 492 3802 9
507 3743 654 3802 ἐπιδίδωσι
664 3747 703 3814 X,
717 3745 776 3802 soil.
791 3748 823 3803 τὸ
832 3747 912 3818 ἐδοςς
926 3748 1085 3806 ἐπιδιδόασι
1098 3750 1209 3822 scripit
1217 3753 1261 3810 Rr

250 3824 284 3875 13
298 3817 461 3890 ταραντηνδι
474 3819 507 3873 Χ
564 3823 598 3872 16
617 3816 657 3874 δι’
674 3814 714 3873 ὧν
727 3819 764 3886 Α,
782 3819 828 3874 διδ
841 3820 880 3886 B,
892 3817 970 3876 Δίων
982 3839 1106 3892 propono
1163 3829 1197 3879 18
1209 3832 1259 3879 τοῦ

248 3892 286 3961 Β,
303 3891 405 3947 τούτου
424 3891 453 3945 Α
524 3894 558 3944 23
578 3887 621 3944 δτι
640 3888 656 3945 δ
675 3887 787 3958 δράκων
804 3893 1067 3960 πνενματικάτατον
1088 3894 1117 3949 Υ
