3074 4598
302 490 367 554 154
546 486 657 543 LIBER
674 485 851 553 QUARTUS.
878 485 1067 544 AUGUSTUS

263 640 378 735 ὃγονε
400 655 441 720 τὰ
464 650 540 740 περὶ
567 651 629 735 τὴν
653 652 769 737 Θήραν
794 651 850 719 καὶ
875 656 1059 739 Θηρασίαν,
1085 649 1140 718 καὶ
1168 653 1230 720 έάν
1251 651 1320 740 μὲν

298 751 320 847 ᾖ
343 763 383 827 τά
406 755 687 844 άναστομωθέντα
706 773 851 846 συνεχῶς
869 760 1090 846 άναφυσῶντα
1106 768 1187 845 πῦρ,
1209 765 1322 846 πηγαί

298 891 334 933 τε
343 868 464 955 ,πυρὸς
486 863 542 931 καὶ
564 874 725 952 κρατῆρες
747 866 976 955 ὀνομάζονται,
1003 859 1057 935 οἷά
1080 866 1147 933 ἐστι
1169 868 1213 932 τά
1234 866 1316 955 περὶ

298 976 360 1059 τὴν
383 975 488 1058 αὐτήν
512 973 668 1059 Λιπάραν
691 998 726 1040 τε
752 974 807 1040 καὶ
831 977 1050 1062 Στρογγύλην
1074 973 1129 1041 καὶ
1152 972 1317 1058 Βέσβιον·

270 1079 342 1166 τήν
365 1080 395 1146 δ’
419 1076 461 1145 αὖ
485 1077 637 1166 μύση...
654 1073 748 1149 ,οἷον
770 1084 807 1149 τὸ
829 1083 910 1147 κατὰ
931 1082 1174 1170 Φιλαδέλφειαν
1194 1081 1256 1165 τήν
1274 1080 1316 1147 έν

299 1189 411 1274 Λυδίη
437 1189 556 1254 πεδίον
582 1186 638 1254 καὶ
667 1191 746 1267 τοὺς
772 1190 942 1276 πράποδας
964 1192 1043 1267 τοὺς
1065 1189 1117 1256 ἐπὶ
1138 1189 1315 1271 Μαζάκοις

298 1332 341 1341 -
356 1292 461 1361 οἱονεὶ
474 1297 700 1374 Καππάδοκας
710 1334 764 1381 -,
782 1294 837 1362 καὶ
855 1296 892 1361 τὸ
911 1293 964 1360 ἐπὶ
978 1299 1177 1384 Δικαιαρχίᾳ
1189 1297 1313 1383 Ἡφαί-

298 1420 380 1468 στου
402 1405 520 1471 πεδίον
541 1399 622 1470 ποτὲ
643 1399 926 1490 προσαγορευθέν.

244 1519 294 1574 XS
366 1512 438 1576 116.
458 1509 528 1576 Ὅτι
546 1521 615 1575 τῶν
632 1521 786 1594 κομητῶν
804 1511 875 1593 είδη
889 1511 970 1574 κατά
988 1505 1050 1595 μὲν
1067 1509 1126 1574 τὸν
1137 1506 1226 1595 Ἀρι-
1239 1521 1367 1579 ΒτΝιε

257 1643 284 1683 ιο
297 1617 456 1702 στοτέλην
488 1614 602 1682 ἐννέα·
641 1617 723 1680 κατὰ
759 1610 797 1680 δὲ
832 1615 892 1680 τὸν
923 1613 1080 1701 Ῥωμαῖον
1109 1613 1314 1701 Ἀπουλήιον

298 1723 390 1790 δέκα·
415 1725 529 1800 ἱππίας
552 1718 664 1806 ξιφίας
681 1724 857 1804 πωγωνίας
875 1723 988 1799 δοκίας
1005 1725 1106 1799 πίθος
1123 1723 1313 1807 λαμπαδίας

256 1833 440 1914 Χκομήτης
463 1829 596 1904 δισκεὺς
622 1828 741 1912 τυφὼν
766 1828 937 1913 κεράστης·
962 1825 1019 1893 καὶ
1046 1827 1064 1894 ὁ
1088 1825 1149 1915 μέν
1173 1829 1312 1907 ἱππίας

297 1934 332 2000 ἐκ
364 1945 425 2001 τοῦ
458 1935 586 2020 δρόμου
618 1931 673 1998 καὶ
705 1943 762 2018 τῆς
794 1933 949 2018 ὀξύτητος
981 1933 1086 2014 οὕτως
1117 1934 1312 2022 ὠνομάσθη,

295 2046 439 2124 πλαγίας
462 2037 499 2106 δὲ
521 2037 577 2105 καὶ
600 2039 750 2128 ἀμυδρὰς
774 2040 907 2118 ἀκτῖνας
929 2042 1125 2129 διαρραίνει·
1151 2041 1169 2109 δ
1193 2040 1230 2109 δέ
1253 2041 1312 2123 ξι-

256 2173 282 2216 ιι
297 2151 390 2234 φίας
414 2149 511 2231 δίκην
534 2146 653 2231 ξίφους
670 2146 691 2233 ή
710 2150 830 2233 λόγχης
847 2147 972 2232 μακρᾶς
990 2147 1213 2235 έιιτεινόμενος
1231 2154 1311 2235 φαί-

296 2279 399 2339 νεται,
424 2254 529 2339 ὠχρὸς
552 2248 589 2318 δέ
611 2252 667 2318 καὶ
686 2255 909 2340 νεφελοειδής·
933 2253 951 2320 ὁ
971 2250 1008 2319 δέ
1025 2259 1228 2338 πωγωνίας
1246 2257 1312 2340 τήν

296 2363 421 2446 λοφιὰν
445 2359 485 2425 οὐ
508 2360 590 2424 κατδι
610 2367 766 2446 κεφαλῆς,
789 2358 860 2425 ἀλλ’
882 2360 1036 2426 ὑποκάτω
1054 2361 1238 2447 διαρραίνει
1258 2363 1310 2428 δί-

295 2493 359 2552 κην
381 2468 554 2550 πώγωνος·
582 2465 600 2531 ὁ
625 2463 662 2531 δὲ
685 2469 819 2544 δοκίας
843 2467 955 2551 ὅμοιος
977 2466 1075 2550 ἐγγύς
1102 2467 1170 2533 ἐστι
1192 2476 1239 2557 τῷ
1262 2468 1311 2548 ξι-

296 2579 369 2662 φίηι,
398 2571 469 2639 ἀλλ’
493 2573 555 2638 οὐκ
578 2572 685 2651 ὀξείας
707 2577 789 2658 ἔχει,
817 2573 972 2658 ἀμβλείας
1001 2570 1037 2638 δὲ
1064 2576 1120 2653 τάς
1146 2575 1261 2662 ἀρχάς·
1290 2577 1310 2644 ὁ

256 2709 282 2749 ω
297 2679 334 2747 δὲ
356 2685 477 2757 πίθος
505 2678 540 2744 ἐκ
562 2688 624 2744 τοῦ
652 2681 827 2763 σχήματος·
856 2679 873 2744 ὁ
898 2675 934 2744 δέ
957 2682 1175 2765 λαμπαδίας
1196 2686 1312 2770 πυρώ-

296 2789 357 2872 δης
379 2787 435 2853 καὶ
459 2789 556 2870 δίκην
577 2786 772 2871 πυρώπιδος
794 2790 896 2851 λίθου
923 2785 943 2869 ἢ
967 2784 1109 2873 δένδρου
1129 2788 1311 2872 καιομένου

295 2893 423 2979 πέφυκε
455 2893 667 2976 διαλάμπειν·
700 2891 718 2958 ὁ
752 2888 789 2956 δὲ
820 2894 988 2976 κομήτης
1016 2894 1139 2970 πλατύς
1168 2893 1237 2960 ε’στι
1269 2898 1310 2963 τὸ

295 2996 385 3078 εἶδος
407 2998 463 3066 καὶ
486 3001 596 3083 ὥσπερ
621 2999 734 3084 ἱλαρὸς
756 2998 983 3084 ἀργυροειδεῖς
1006 3023 1096 3077 τινας
1116 3003 1312 3086 πλοκάμους

296 3106 415 3173 ἕλκων·
439 3108 457 3173 ὁ
481 3103 519 3172 δὲ
542 3108 562 3170 δ
569 3106 703 3182 ισκεὺς
726 3104 758 3183 ἐξ
778 3105 878 3189 αὐτῆς
896 3114 953 3189 τῆς
970 3110 1192 3193 προσαγορίας
1210 3110 1312 3193 δίκην

256 3216 416 3280 καδίσκου
439 3217 592 3298 φαίνεται
616 3211 657 3277 οὐ
681 3211 828 3297 λαμπρὸς
850 3207 928 3276 οὐδὲ
947 3210 1090 3298 ἐρυθρὸς
1107 3213 1177 3280 άλλ’
1197 3217 1310 3303 ὥσπερ

368 3376 382 3437 5
399 3376 449 3424 116
464 3368 651 3423 Waehsmuth
666 3369 701 3421 de
715 3371 766 3422 ost.
781 3386 808 3438 p.
825 3373 875 3422 166
884 3385 923 3436 sq.
996 3388 1019 3423 v.
1032 3375 1047 3424 9
1061 3370 1174 3426 An'stot.
1190 3370 1310 3428 Meteon

294 3441 315 3510 Ι,
332 3447 356 3511 6,
374 3448 388 3495 7
406 3459 434 3511 p.
450 3437 517 3496 ³42¹)
532 3445 565 3494 25
577 3457 637 3508 sqq.
656 3439 768 3494 Bekker

366 3601 391 3637 v.
411 3589 427 3637 5
446 3583 578 3637 lacunam
601 3579 725 3634 indjcavi
802 3587 817 3635 7
841 3578 1020 3652 δικαιαρχέαν
1042 3582 1074 3651 S,
1101 3581 1176 3651 quod
1200 3584 1310 3638 correxi

296 3657 311 3706 9
332 3650 444 3708 ὅτιτῶν
458 3659 540 3706 -12
558 3650 692 3720 κεράστης
706 3652 734 3719 S,
752 3661 879 3722 κομητῶν
898 3650 928 3706 δὲ
947 3652 1007 3722 είδη
1026 3656 1077 3707 etc.
1092 3653 1123 3707 X
1157 3650 1208 3721 μὲν
1226 3655 1307 3710 omis.

295 3724 328 3778 X
343 3728 346 3794 ή
363 3722 521 3794 άριστοτέλη
542 3723 573 3778 Χ
645 3728 678 3775 10
697 3719 879 3792 ὅωμαϊκὸνδ
948 3729 981 3777 12
999 3724 1032 3777 τί
1056 3744 1095 3779 ων
1171 3724 1313 3794 τυφώνδ

295 3794 483 3849 Waehsmuth
574 3798 607 3847 19
627 3792 715 3864 ἀργὰς
733 3793 775 3864 Χ,
799 3794 891 3862 σειρὰς
911 3793 944 3849 οἱ.
962 3744 1097 3864 floreta,
1121 3793 1236 3859 ἀκτῖνας
1254 3797 1310 3868 Rr,

294 3864 385 3935 ἄκρας
399 3866 540 3921 Wachsm.
614 3871 647 3918 22
667 3867 771 3929 πλατὺς
784 3866 822 3936 X,
840 3866 930 3935 πραδις
948 3865 982 3920 ei.
996 3865 1136 3921 Wachsm.
