3074 4598
627 509 831 567 PRAEFATIO
1079 513 1228 571 LXXXVII

221 689 248 747 h.
273 704 296 742 e.
324 684 409 743 sexta
435 681 497 739 fere
524 696 663 738 versuum
689 694 766 752 pars.
812 680 837 738 si
868 698 937 740 vero
970 677 1101 739 omnibus
1132 683 1226 756 parti·

220 777 276 834 bus
304 770 429 831 eandem
455 768 602 828 rationem
632 765 711 825 inter
742 785 817 841 opus
848 768 999 848 integrum
1029 768 1059 826 et
1089 773 1226 846 excerpta

220 879 299 938 quae
328 860 489 936 supersunt
517 854 716 914 intercessisse
745 857 902 932 putamus,
934 860 1046 918 sextam
1072 859 1138 915 tum
1163 857 1225 918 fere

220 948 289 1008 libri
313 945 414 1024 quarti
437 946 554 1022 partem
574 941 663 1004 hodie
685 960 837 1018 superesse
858 950 954 1021 patet3
977 945 1101 1007 fortasse
1124 949 1226 1006 autem

220 1036 311 1114 paulo
333 1034 423 1112 plura
444 1031 595 1107 habemus,
619 1030 760 1108 quoniam
781 1031 814 1091 in
836 1034 950 1095 ultimis
974 1067 1016 1076 -
1039 1035 1077 1093 ad
1097 1034 1224 1095 Novem·

220 1128 301 1185 brem
325 1124 403 1184 enim
425 1125 457 1182 et
478 1121 670 1181 Decembrem
696 1138 811 1180 menses
838 1122 987 1197 pertinent
1011 1124 1084 1185 folia
1099 1124 1157 1184 illa
1181 1156 1223 1166 —

219 1214 318 1274 studio
344 1211 407 1271 iam
433 1211 645 1289 languescente
672 1209 815 1286 pauciora
842 1229 933 1286 quam
958 1212 1044 1272 initio
1070 1216 1224 1274 mutuatos

219 1321 280 1363 esse
304 1301 515 1379 epitomatores
538 1298 691 1378 probabile
714 1300 766 1357 est.

283 1390 420 1450 Diximus
452 1390 550 1450 adhuc
582 1389 618 1448 de
649 1386 718 1446 libri
748 1386 942 1448 Laurentiani
972 1388 1088 1467 habitu,
1124 1385 1373 1484 qualisfflffi:

218 1484 264 1540 est
289 1480 460 1555 restitutus,
489 1496 613 1557 agamus
642 1477 703 1536 iam
732 1476 767 1535 de
797 1475 982 1554 singularum
1008 1479 1223 1539 sententiarum

219 1571 455 1646 sucularumque
477 1568 587 1642 forma,
613 1584 686 1624 num
712 1564 780 1624 inde
804 1585 823 1626 a
844 1565 963 1626 Ioannis
986 1565 1063 1643 Lydi
1084 1570 1222 1645 tempori·

217 1659 272 1720 bus
299 1660 418 1737 integra
447 1658 485 1717 ad
514 1674 569 1716 nos
598 1655 773 1733 pervenerit
819 1658 909 1734 atque
938 1655 994 1715 hoc
1023 1655 1139 1732 quidem
1167 1676 1222 1734 pro

216 1751 297 1810 certo
319 1766 476 1825 possumus
499 1745 660 1820 affirmare,
685 1744 718 1803 in
741 1743 840 1805 animo
866 1745 957 1805 fiiisse
978 1744 1028 1823 iis,
1055 1746 1107 1823 qui
1129 1747 1222 1824 epito-

217 1839 367 1896 matorum
388 1855 512 1894 munere
534 1833 630 1894 macti
652 1835 729 1907 sunt,
753 1833 903 1911 plerisque
927 1851 999 1911 quos
1023 1834 1223 1896 exscribebant

217 1924 299 2000 locis,
321 1923 482 1983 verborum
499 1943 609 1982 nexum
625 1921 783 2000 integrum,
801 1925 836 1982 ut
853 1926 919 1982 erat
936 1925 968 1982 in
986 1924 1051 2001 ipso
1069 1923 1222 1985 Laurentii

216 2011 303 2086 libro,
328 2011 471 2071 retinere:
497 2010 530 2068 id
553 2010 632 2068 enim
654 2029 688 2069 eo
711 2010 942 2087 demonstratur,
969 2013 1060 2088 quod,
1086 2012 1136 2072 ubi
1159 2033 1222 2074 eas·

215 2100 284 2159 dem
305 2098 470 2159 sententias
494 2100 704 2173 excerpserunt
719 2097 819 2172 XYS,
842 2098 1012 2175 saepissime
1029 2101 1116 2162 verbo
1134 2106 1221 2162 tenus

214 2188 388 2266 conspirant
410 2188 442 2246 hi
465 2185 588 2246 codices.
633 2184 686 2244 sed
711 2184 779 2243 aliis
806 2187 879 2246 locis
902 2188 1082 2247 eontrarium
1104 2208 1220 2266 quoque

215 2296 272 2337 usu
293 2276 384 2354 venit,
407 2295 513 2352 nempe
536 2277 571 2334 ut
594 2272 703 2351 singuli
725 2273 840 2334 librarii
861 2274 1001 2352 codicum,
1024 2295 1090 2336 curn
1106 2277 1138 2335 in
1155 2277 1220 2337 bre·

213 2367 281 2426 vius
304 2356 514 2427 contraherent
535 2362 690 2422 Laurentii
713 2361 818 2437 verba,
845 2364 1066 2424 enuntiatorum
1093 2365 1221 2444 effigiem

214 2455 287 2514 adeo
303 2454 497 2528 mutaverint,
514 2455 551 2511 ut
564 2451 696 2511 diversae
710 2451 842 2511 eiusdem
854 2452 1017 2513 sententiae
1031 2458 1221 2515 exorerentur

214 2547 369 2620 tamquam
391 2540 589 2616 recensiones,
617 2558 633 2598 e
662 2539 768 2617 quibus
797 2559 862 2599 eam
890 2559 967 2617 quae
994 2543 1120 2620 genuina
1143 2546 1220 2604 esset

215 2631 326 2709 eligere
348 2649 409 2690 non
432 2629 568 2689 omnibus
590 2627 663 2689 locis
685 2646 779 2704 aeque
803 2634 867 2689 erat
884 2629 985 2689 facile:
1008 2631 1123 2692 etiamsi
1141 2633 1221 2692 enim

212 2720 245 2779 in
267 2720 441 2778 universum
463 2718 540 2778 hanc
561 2717 658 2795 legem
680 2719 810 2777 statuere
832 2717 929 2796 liceat,
952 2738 1053 2779 veram
1070 2739 1131 2780 esse
1154 2741 1220 2781 eam

212 2808 383 2884 lectionem,
417 2826 494 2883 quae
525 2824 598 2883 prae
624 2805 746 2882 reliquis
772 2806 870 2867 minus
896 2807 928 2867 in
960 2812 1058 2868 artum
1085 2810 1125 2869 sit
1152 2829 1221 2871 con·

210 2900 322 2974 tracta,
348 2896 500 2956 interdum
526 2898 628 2954 tamen
654 2895 749 2955 maior
775 2895 930 2956 verborum
952 2898 1038 2974 copia
1059 2898 1218 2975 interpola·

209 2986 326 3046 toribus
359 2985 460 3045 deberi
493 2984 616 3044 videtur.
669 3003 761 3060 quare
793 2985 829 3044 de
864 2986 910 3045 his
940 2986 1013 3046 locis
1044 2987 1220 3066 singillatim

165 3096 166 3100 ¹
209 3075 333 3134 ferenda
360 3076 446 3133 erant
471 3072 591 3132 iudicia.
640 3076 795 3149 praeterea
822 3077 922 3134 autern
944 3074 1055 3134 evitare
1081 3094 1140 3135 non
1164 3095 1217 3153 po·

209 3165 310 3220 terant
342 3161 477 3221 codicum
507 3158 637 3234 librarii,
669 3161 740 3234 quin
771 3161 819 3219 hic
850 3161 924 3236 illic,
955 3162 1042 3223 initio
1073 3163 1218 3240 imprimis

208 3249 426 3309 sententiarum
451 3250 482 3307 et
505 3248 572 3321 fine,
597 3247 740 3307 nonnulla
764 3251 953 3308 mutarentur
976 3250 1093 3326 inipso
1120 3270 1218 3312 excer-

208 3337 319 3414 pendo,
347 3340 378 3397 et
400 3337 474 3414 quin
494 3334 655 3412 paullatim
677 3335 876 3411 compluribus
902 3337 975 3398 locis
1001 3356 1063 3398 sese
1085 3339 1217 3399 insinua-

209 3430 277 3485 rent
312 3424 420 3485 menda
452 3423 568 3501 aliqua,
605 3423 712 3499 quibus
744 3424 900 3484 verborum
930 3427 1086 3504 integritas
1116 3427 1217 3488 foeda-

209 3517 300 3574 retur.
355 3514 407 3574 sed
443 3532 545 3572 earum
582 3511 714 3589 quidem,
751 3512 859 3590 quibus
893 3515 1006 3589 priores
1042 3515 1218 3577 laborabant

210 3602 365 3678 editiones,
388 3601 628 3678 corruptelarum
649 3601 795 3678 plurimae
821 3602 956 3663 emedio
980 3607 1049 3664 sunt
1074 3603 1217 3680 sublatae,

210 3692 272 3751 sive
295 3691 437 3767 inspectis
461 3691 558 3749 denuo
582 3688 729 3749 codicibus
757 3689 956 3767 iampridem
977 3692 1068 3768 notis,
1095 3711 1160 3752 cum
1183 3694 1216 3752 in

210 3779 271 3839 illis
294 3775 370 3839 talia
394 3779 514 3840 omnino
537 3797 598 3837 non
624 3777 684 3855 legi
711 3779 911 3855 apparuisset,
939 3781 1000 3840 sive
1026 3781 1109 3842 novis
1132 3782 1216 3842 adhi-

211 3868 282 3928 bitis
313 3869 398 3928 libris
431 3886 522 3928 manu
553 3866 684 3945 seriptis,
721 3885 848 3943 quorum
879 3869 1004 3930 lectione
1034 3870 1216 3947 reliquorum
