3074 4598
442 496 550 554 εωεει
569 493 747 562 QUARTUS.
773 494 972 551 οεοευεεει
1148 497 1210 563 177

198 671 330 734 σάντων
343 663 480 729 ἐκείνων
493 661 555 742 τῆν
567 655 644 741 περὶ
663 656 767 723 αὐτὸν
785 662 1000 746 φιλοσοφίαν,
1017 658 1071 725 καὶ
1090 663 1140 736 τίς
1159 685 1210 727 τε·
1222 673 1249 728 Χ

197 772 339 856 τύχηκεν
362 771 423 834 ὥν·
450 762 547 841 οὗτος
569 763 633 847 γάρ
657 761 726 828 ἐστι
749 765 786 830 τὸ
810 767 939 851 θερμὸν
961 774 1090 850 πνεῦμα
1111 765 1149 830 τὸ
1173 765 1209 832 ἐκ

196 877 304 961 πάσης
317 885 443 960 σπορᾶς
458 867 581 945 παντὸς
595 870 681 948 ζώον
694 881 919 956 πνευματικοῦ
933 870 1208 957 συγκατατιθέμε-

198 1007 260 1049 νον
274 985 321 1058 εἰς
334 981 516 1063 ζωογονίαν
529 973 584 1041 καλ
599 973 739 1059 αὔξησιν
751 977 887 1043 πάντων
899 989 966 1044 τῶν
981 977 1017 1044 έν
1029 986 1076 1068 τῷ
1087 980 1207 1066 κόσμφ.

196 1085 411 1175 μηροτραφῆς
434 1078 471 1147 δὲ
493 1081 634 1166 ἐκλήθη,
662 1078 732 1146 ἐπεὶ
756 1081 794 1146 ἐν
815 1094 887 1160 ταῖς
908 1083 1039 1169 μήνιγξι
1061 1083 1116 1150 καὶ
1138 1095 1208 1162 τοῖς
1235 1113 1248 1154 ε

199 1198 312 1276 ὄγκοις
333 1200 403 1267 τοῖς
426 1192 578 1275 γονίμοις
604 1186 660 1255 καὶ
683 1198 754 1265 ταῖς
777 1187 880 1274 φλεψὶ
904 1200 975 1268 ταῖς
998 1190 1035 1256 ἐν
1055 1203 1126 1270 τοῖς
1148 1217 1208 1277 μη·

198 1310 271 1385 ροῖς
298 1296 532 1387 ἐγκατῴκισται
559 1297 580 1382 ῆ
608 1296 744 1379 τοιαύτη
775 1294 872 1362 οὐσία
898 1297 1021 1375 παντὸς
1048 1300 1145 1384 ζάου,
1174 1299 1207 1379 ἐξ

196 1400 239 1471 οὗ
263 1404 403 1490 συνέστη
427 1408 467 1472 τά
485 1406 600 1471 πάντα.
637 1403 867 1490 ἄρρενόδηλυς
890 1399 928 1469 δέ
950 1402 1076 1490 ἐρρηθη
1095 1408 1206 1473 διὰτὸ

197 1511 255 1590 τάς
277 1512 516 1600 άρρενοδῆλεις
543 1511 669 1597 σπορὰς
692 1514 847 1593 γίνεσθαι
870 1510 946 1595 δύο,
974 1509 1152 1596 άρσενικῆν
1173 1536 1208 1579 τε

108 1623 111 1628 ’
196 1616 252 1685 καὶ
274 1621 429 1705 θηλυκῆν
451 1619 571 1704 φύσιν,
598 1616 654 1684 καλ
678 1616 740 1683 οὐκ
761 1621 853 1685 ἔστιν
877 1614 992 1703 ἕτερον
1013 1616 1069 1704 ἀφ’
1093 1616 1207 1705 ἑτέρου
1222 1647 1248 1687 ιο

195 1726 233 1791 τὸ
257 1727 446 1811 δυνάμενον
468 1734 637 1810 γεννῆσαι,
662 1726 692 1790 εἰ
714 1725 758 1809 μῆ
777 1723 862 1809 ὁμοῦ
884 1725 1030 1792 ἔλθοιεν·
1051 1723 1106 1791 καλ
1129 1729 1207 1805 ζωο-

196 1837 376 1917 γονῆσουσι
404 1835 445 1899 τά
471 1833 601 1912 ζῶντά
636 1831 702 1898 ὑπὸ
739 1832 860 1897 τούτου
892 1831 1206 1918 δεδημιουργημένα.

195 1939 406 2010 άναλύεσθαί
424 1962 459 2005 τε
479 1937 583 2004 αὐτὸν
599 1939 803 2022 ὑπειλήφασι
820 1935 876 2002 καλ
893 1937 996 2004 πάλιν
1011 1947 1206 2024 γεννᾶσθαι,

196 2043 266 2110 ἐπεὶ
288 2042 344 2110 καὶ
366 2047 407 2110 τὰ
434 2042 467 2122 ἐξ
496 2044 601 2110 αὐτοῦ
628 2044 819 2128 γεννώμενα
841 2042 963 2128 ὁμοίως
990 2044 1206 2124 ἀνεκλείπτως

195 2151 380 2217 δαπανᾶται
402 2149 458 2216 καὶ
479 2152 581 2215 πάλιν
604 2153 822 2232 ζωογονεῖται.
1218 2179 1245 2220 1⁶

139 2255 450 2324 Βι11160161.”οτι
479 2258 654 2342 σχημάτων
681 2255 699 2322 δ
726 2256 847 2333 κύκλος
872 2262 1091 2326 τελειότατον·
1123 2261 1246 2327 ὅθενΥ

153 2357 154 2360 “
195 2365 376 2448 Αἰγύπτιοι
411 2365 471 2429 τὸν
506 2365 633 2447 κόσμον
669 2362 855 2447 γράφοντες
888 2373 1049 2450 περιφερῆ
1080 2367 1205 2432 κύκλον

195 2470 347 2556 ἀεροειδῆ
365 2469 421 2535 καὶ
438 2469 600 2556 πυρωπὸν
618 2468 818 2554 χαράττουσι
836 2466 891 2533 καὶ
908 2469 1011 2555 μέσον
1027 2472 1205 2558 τεταμένον

194 2578 277 2660 όφιν
291 2577 546 2662 λερακόμορφον,
565 2571 671 2641 οἱονεὶ
690 2575 884 2641 συνεκτικὸν
901 2576 1032 2659 ἀγαθὸν
1049 2578 1205 2664 δαίμονα·

194 2686 253 2747 καί
272 2682 340 2749 ἐστι
363 2682 400 2748 τὸ
423 2691 492 2748 πᾶν
514 2690 622 2767 σχῆμα
644 2681 690 2758 ότς
711 2682 749 2748 τὸ
771 2679 848 2768 παρ’
869 2682 949 2767 ἡμῖν
974 2686 1011 2748 Θ.
1217 2714 1244 2754 εο

140 2805 175 2854 51
263 2789 336 2854 162.
350 2787 422 2854 Ὅτι
445 2789 463 2856 δ
486 2798 544 2873 τῆς
566 2788 731 2873 ὀγδοάδος
753 2788 897 2875 ἀριθμὸς
913 2796 1022 2874 θῆλυς
1039 2789 1094 2859 καὶ
1112 2795 1203 2860 ύπει-

194 2919 253 2980 ρος
274 2893 329 2961 καὶ
356 2895 485 2981 ἀτελής·
513 2896 597 2961 ὅθεν
622 2892 679 2962 καὶ
704 2897 794 2981 παρά
820 2904 866 2983 τῷ
887 2900 1067 2988 Νικομάχῳ
1093 2900 1203 2984 ῆλιτό-

193 3025 296 3086 μηνος
317 3007 478 3068 καλεῖται·
501 3001 519 3069 ὁ
542 3003 606 3089 γάρ
630 3002 814 3087 όκτάμηνος
835 3005 954 3089 χρόνος
976 3005 1059 3090 πρὸς
1081 3006 1202 3073 οὐδένα

193 3118 261 3173 τῶν
283 3108 473 3194 ἁρμονικῶν
496 3111 581 3193 ἔχων
604 3111 757 3193 φαίνεται
779 3112 889 3192 λόγον.
926 3109 1008 3176 ὅθεν
1030 3112 1071 3176 ού
1093 3118 1202 3179 τελεσ-

193 3225 346 3300 φορεῖται
360 3215 400 3279 τδι
415 3215 643 3300 ὀκταμηνιαῖα·
659 3212 758 3298 μέσος
770 3215 834 3300 γὰρ
849 3215 896 3280 ὢν
909 3227 977 3282 τῶν
994 3220 1202 3305 τελεσφόρον
1215 3248 1242 3290 αι

193 3319 350 3405 ἀριθμῶν
372 3321 471 3398 αὐτὸς
494 3320 610 3405 άτελῆς
636 3320 829 3406 εὑρίσκεται.
873 3322 980 3407 πάσης
1001 3325 1063 3410 γὰρ
1086 3325 1203 3410 ὑλικῆς

194 3428 366 3513 δυνάμεως
383 3426 528 3512 μετέχων
546 3427 605 3504 τὰς
624 3424 702 3512 περὶ
719 3428 781 3512 τῆν
802 3426 888 3510 ύλην
910 3433 1018 3514 εῖληχε
1035 3429 1201 3516 δυνάμεις.

264 3584 288 3620 v.
305 3570 338 3619 22
357 3564 402 3619 Ρε.
421 3563 609 3620 Nicomachus
629 3562 856 3636 Tbeologumena
872 3566 990 3623 An'tlm
1004 3586 1031 3639 p.
1042 3574 1085 3638 66,
1096 3575 1129 3624 2⁶
1139 3571 1199 3626 Δεῖ

242 3759 248 3771 Ι
263 3707 289 3744 v.
304 3696 319 3745 1
338 3689 390 3815 νῆιν
405 3689 522 3772 οωίε.ᾼ
577 3696 593 3744 5
611 3699 671 3772 τοῖς
684 3688 794 3761 μήνιγξι
808 3690 836 3745 Β
890 3696 905 3757 ἓ
924 3697 1056 3761 161‚162:
1075 3693 1202 3750 ordinem

193 3762 338 3829 utnusque
383 3762 509 3833 agmenh
526 3764 647 3817 mutant
664 3761 694 3815 D

246 3967 329 4010 Ιιιουε
344 3967 380 4008 εδ.
393 3967 543 4009 Παεπιοῖι
1007 3965 1040 4015 12
