3074 4598
251 446 354 502 XXXII
651 445 857 504 PRAEFATIO
970 532 974 544 Ι

251 615 321 677 dem
343 616 473 695 amplior
504 614 554 676 cui
584 615 758 677 inscribitur
779 614 846 697 περὶ
867 615 1075 699 ἱπποδρομίου.
1119 615 1172 694 qui
1196 633 1265 676 oum

251 707 433 768 consentiret
462 703 664 782 compluribus
692 706 766 768 locis
797 698 839 789 (p.
857 710 887 784 4,
902 709 942 767 26
962 726 1026 784 sqq.
1050 727 1078 784 p.
1099 709 1127 784 6,
1144 710 1162 767 7
1181 696 1264 786 sqq.)

251 814 321 856 cum
343 795 494 857 codicibus
516 792 618 872 XYS,
647 815 743 873 neque
772 795 805 856 in
832 795 956 874 reliquis
986 795 1149 874 quidquam
1176 796 1265 869 esset,

250 885 332 964 quod
353 904 414 945 non
436 903 472 944 ex
495 882 599 943 eodem
627 904 686 962 quo
714 885 831 963 relique
860 888 981 946 auctore
1011 884 1168 946 deductum
1198 903 1263 944 esse

249 976 421 1053 appareret,
446 972 606 1052 integere
628 973 729 1034 mein
751 970 861 1034 librum
881 973 1050 1052 Lydienum
1071 973 1183 1034 relatus
1207 975 1263 1049 est,

248 1062 425 1142 praesertim
447 1081 516 1122 cum
536 1061 574 1122 iis
597 1083 716 1141 quoque
742 1062 894 1141 pertibus,
921 1082 1047 1140 querum
1069 1062 1169 1123 nullus
1193 1080 1263 1123 oon·

250 1170 353 1213 sensus
384 1170 450 1211 enm
481 1151 607 1229 reliquis
639 1151 788 1215 codicibus
819 1151 875 1212 hoc
909 1151 974 1213 loco
1010 1157 1069 1228 est,
1103 1149 1263 1211 Laurentii

248 1241 415 1303 doctr-inum
441 1239 528 1303 uobis
555 1241 636 1301 trudi
663 1242 917 1302 demonstraretur
943 1239 1019 1299 libro
1042 1240 1086 1300 IV
1104 1238 1123 1316 ἓ
1142 1241 1184 1300 25
1209 1231 1261 1320 (of.

247 1328 320 1409 Pp
340 1332 480 1407 o,24=
437 1329 607 1409 -XYp
627 1333 726 1407 89,,7
754 1329 828 1406 Pp.
849 1329 968 1404 7,1=
926 1330 1094 1405 --ρ89,
1112 1329 1162 1388 13.
1193 1319 1262 1410 21).

248 1419 343 1481 edidit
364 1420 444 1481 hunc
466 1422 631 1480 uacuum
649 1451 691 1462 -
710 1421 802 1496 utque
825 1436 860 1477 ex
880 1417 946 1493 ipso
968 1419 1071 1477 nostro
1094 1415 1202 1493 codice,
1225 1418 1262 1475 ut

248 1509 381 1570 conicere
404 1509 543 1570 iicet—
565 1508 678 1585 primus
702 1506 870 1585 Stephanus
891 1504 933 1565 Le
955 1503 1101 1581 Moyne
1091 1524 1124 1563 1n
1147 1499 1261 1564 ‘Variis

249 1596 347 1658 Sacris
375 1617 429 1659 ceu
452 1595 574 1674 Sylloge
601 1595 753 1655 veriorum
780 1594 987 1670 opusculorum
1014 1590 1193 1652 Graecorum
1221 1593 1261 1652 ed

246 1706 310 1746 rem
339 1684 572 1746 ecclesiasticum
601 1676 825 1759 spectantium’,
843 1680 944 1760 ‘bugu
968 1680 1035 1741 Bet
1064 1682 1095 1740 et
1115 1679 1196 1739 Trei.
1220 1679 1260 1739 ed

249 1774 315 1851 Rh,
338 1773 383 1833 ed.
406 1773 459 1832 ult
485 1771 581 1848 1694,
603 1771 674 1830 tom.
688 1770 704 1829 I
720 1790 750 1847 p.
774 1771 852 1845 5033
874 1788 948 1846 ques
967 1770 1067 1829 eutem
1085 1768 1180 1830 codici
1203 1786 1258 1830 suo

247 1861 356 1922 tribuit
372 1860 525 1934 lectiones,
547 1857 628 1918 houd
645 1858 690 1918 ite
708 1858 867 1938 diligenter
884 1860 1018 1919 enotesse
1037 1879 1104 1920 eum
1122 1859 1258 1937 apparet,

248 1970 273 2010 e.
282 1969 312 2029 g.
326 1948 430 2010 scribit
441 1967 471 2026 p.
486 1948 568 2021 3,19
582 1943 728 2029 ἕρωτεῖσα,
745 1967 774 2025 p.
789 1949 849 2025 4,4
864 1946 982 2009 αἰπώλω
998 1944 1146 2029 ἕχράσατο,
1165 1967 1258 2026 quere

245 2041 282 2100 ut
294 2038 377 2098 illius
395 2035 527 2097 editione
545 2038 647 2113 spreto.
659 2055 727 2097 mee
740 2038 896 2097 contentus
909 2037 950 2098 sis
963 2036 1121 2099 collatione
1136 2055 1256 2114 quaeso.

245 2130 366 2205 preetcr
387 2124 430 2185 Le
452 2124 609 2201 Moynium
634 2145 704 2187 vero
735 2126 838 2187 eodem
864 2126 925 2186 iere
954 2128 1087 2203 tempore
1116 2144 1175 2203 quo
1205 2125 1257 2185 ille

245 2217 325 2277 huno
346 2216 511 2274 tractatum
534 2212 590 2273 sibi
613 2214 768 2291 exscripsit
790 2213 930 2275 Gleudius
953 2213 1124 2291 Salmasius,
1149 2214 1202 2290 qui
1224 2214 1257 2274 in

246 2300 521 2365 ‘exercitationibus
546 2300 693 2364 Plinianis
719 2303 752 2363 in
776 2301 805 2364 G.
829 2303 899 2362 Iulii
926 2301 1021 2363 Solini
1047 2297 1256 2380 polyhistoru',

245 2393 375 2453 Traiecti
398 2391 437 2451 ed
459 2391 596 2450 Rhenum
620 2393 715 2468 1689,
743 2392 856 2470 passim
883 2391 1012 2452 frustula
1040 2392 1103 2451 eius
1131 2391 1255 2469 profert.

245 2483 316 2542 sunt
337 2483 438 2541 eutem
459 2478 547 2539 haec:

288 2642 317 2701 p.
338 2621 475 2684 633⁸&
499 2618 641 2682 Graeci:
672 2619 786 2682 δώδεκα
817 2617 849 2682 δὲ
883 2620 1094 2702 ὕσπληγες-
1116 2618 1190 2702 ἔχων
1221 2621 1255 2683 τὸ

525 2708 666 2789 σύνθημα
688 2701 803 2792 (edp.
823 2711 960 2789 5,-15
917 2704 1064 2794 61.)
1107 2710 1255 2771 ulteriore

522 2796 591 2857 inde
606 2817 708 2858 esoce
722 2797 889 2878 perceptor
901 2800 1076 2876 repetuntur
1088 2819 1117 2876 p.
1128 2792 1209 2859 6477
1221 2797 1254 2875 G,

523 2886 630 2963 quibus
652 2886 773 2946 additur
793 2884 843 2946 scd
863 2884 919 2964 τὴν
941 2885 1063 2964 primm
1081 2883 1252 2967 ἀναλαμβα-

521 2972 700 3054 νόμενος-
663 2971 783 3035 -beer
783 2966 904 3055 t.tec(p
925 2975 1038 3052 6,5—
995 2967 1092 3058 -7).

286 3061 315 3144 p.
336 3067 419 3127 635⁸
432 3064 475 3125 D.
498 3066 625 3124 euctor
646 3066 749 3125 vetus
777 3080 927 3143 graecus
953 3059 1153 3143 dedecens:
1175 3060 1252 3141 ἡδὲ

522 3150 907 3321 ςὲῧρῗέθεῖσὲἐὸ-ῢτέλαὲος
913 3149 980 3302 fvge
1002 3142 1061 3233 (ed
1079 3172 1108 3229 p
1122 3153 1196 3230 4,23
1209 3183 1249 3196 -

522 3327 630 3407 τὴνκί
616 3262 715 3409 ίνηξιν
737 3322 782 3411 (p.
800 3331 830 3406 4
840 3263 934 3389 23γαρ
946 3239 1245 3412 5ῇ3ΐρορρηθεῖσα

285 3441 313 3498 p.
335 3414 472 3481 63776.
491 3419 682 3499 graeculus
704 3421 832 3479 unctor
851 3435 1058 3495 anonymus
1080 3414 1199 3491 ἕπτακις
1218 3415 1251 3479 δὲ

520 3504 726 3568 suscece-
746 3499 1194 3588 mememor-
1151 3509 1249 3569 -10

516 3589 614 3678 epp),
636 3595 829 3670 cieedemp.
839 3587 968 3672 63871),
988 3589 1249 3672 642prrolute

284 3707 313 3764 p.
334 3687 418 3748 639·
430 3686 470 3746 Β.
494 3684 588 3746 elius
612 3686 737 3745 auctor
759 3701 968 3760 anonymus.
991 3679 1023 3743 ἐν
1046 3679 1077 3745 δὲ
1099 3687 1160 3756 τοῖς
1177 3677 1246 3764 παρ’

520 3765 697 3854 ἑκάτερα·
693 3776 800 3852 Ερμοῦ
815 3769 865 3832 eat
878 3769 1011 3850 Σελήνης
1025 3763 1068 3853 (p.
1083 3773 1101 3832 6
1104 3765 1248 3856 7.,-11)
