3074 4598
322 441 367 508 54
687 432 969 491 αιεοανικαοε

280 614 307 668 Χ
320 601 397 692 περὶ
421 605 461 670 τδι
484 605 568 670 άλλα
591 601 704 684 ἀστρα.
744 601 854 683 Θαλῆς
872 594 910 664 δὲ
932 598 987 664 καλ
1010 599 1044 666 ολ
1067 596 1123 664 ἀπ’
1149 600 1252 668 αὐτοῦ
1272 600 1342 668 ὑπὸ

321 720 381 779 τοῦ
406 709 504 793 ήλίου
535 707 738 791 φωτίζεσθαι
768 704 830 788 τήν
860 706 1002 788 σελήνην
1032 702 1211 790 ἐνέκριναν.
1257 708 1343 792 ὅγε

319 819 386 902 μὴν
411 801 626 900 Ἡράκλειτος
653 809 691 874 τὸ
723 809 803 876 αὐτὸ
832 809 1038 877 πεπονθέναι
1069 810 1130 876 τὸν
1157 813 1252 896 ἥλιον
1282 813 1340 880 καὶ

319 925 381 1006 τήν
404 923 546 1004 σελήνην
569 917 666 999 φησί·
690 918 899 1001 σκαφοειδεῖς
920 915 983 1001 γάρ
1008 916 1107 992 όντας
1128 928 1196 995 τολς
1215 921 1340 1005 σχήμα-

318 1132 520 1218 φαντασίαν,
549 1129 780 1213 λαμπρότερον
807 1124 846 1194 δὲ
872 1127 932 1193 τὸν
958 1128 1056 1210 ήλιον
1083 1130 1139 1196 διὰ
1160 1132 1202 1218 τὸ,
1220 1131 1257 1198 ἐν
1278 1157 1337 1200 κα-

245 1251 304 1307 ΧῩ
317 1244 414 1324 θαρῷ
443 1234 515 1322 ἀέρι
544 1236 736 1319 φαίνεσθαι.
786 1233 970 1320 ἀφεστάναι
997 1229 1035 1298 δὲ
1063 1237 1161 1318 λόγος
1187 1236 1249 1304 ἀπὸ
1277 1249 1337 1325 τῆς

317 1352 379 1427 γής
400 1345 483 1408 κατά
506 1342 566 1407 τδν
585 1336 833 1425 Ἐρατοσθένην
856 1341 916 1425 τήν
938 1335 1000 1425 μὲν
1023 1342 1165 1425 σελήνην
1191 1347 1336 1413 σταδίοιν

318 1450 483 1536 μυριάδας
503 1445 730 1533 ἑβδομήκοντα
753 1446 848 1532 ὀκτώ,
872 1448 931 1513 τὸν
954 1443 991 1514 δέ
1011 1446 1109 1530 ήλιον
1125 1456 1336 1536 τετρακοσίας

252 1569 305 1624 XS
320 1556 375 1622 καὶ
414 1555 546 1630 ὀκτάκις
583 1555 714 1638 μυρίας.
778 1551 799 1636 ή
837 1556 958 1638 σελήνη
994 1555 1057 1640 γὰρ
1094 1552 1155 1637 τήν
1191 1553 1336 1641 ἑβδόμην

276 1685 302 1724 11
316 1660 499 1746 κατέχουσα
518 1660 625 1742 ζώνην
646 1657 886 1744 προσγειοτέρα
908 1670 975 1725 τῶν
997 1662 1109 1727 ἀλλων
1130 1658 1221 1726 ἐστὶν
1240 1660 1335 1728 ἀστέ-

316 1788 399 1854 ρων·
427 1768 512 1833 ὅθεν
540 1759 620 1831 οὐδὲ
646 1767 774 1848 πίλημα
796 1765 941 1851 ἀκρατον
963 1763 1100 1853 αύθέρος
1122 1766 1225 1852 αὐτὴν
1246 1763 1338 1836 εἷναί

316 1890 398 1959 φασι
421 1873 504 1937 κατά
526 1873 606 1948 τοὺς
624 1872 749 1948 ἀλλους
772 1869 922 1958 ἀστέρας,
944 1882 1052 1959 κρᾶμα
1071 1869 1109 1940 δὲ
1127 1875 1335 1963 αύθερώδους

314 1976 370 2044 καὶ
394 1978 563 2063 ἀερώδους
584 1975 714 2056 οὐσίας·
738 1979 858 2065 τὸγὰρ
878 1982 1084 2066 φαινόμενον
1101 1980 1201 2067 αύτής
1217 1981 1333 2068 μέλαν,

274 2085 333 2152 1τὸ
356 2090 497 2150 καλοῦσι
524 2087 707 2170 πρόσωπόν
736 2110 838 2171 τινες,
870 2083 970 2153 οὐδὲν
999 2089 1081 2154 ἀλλο
1111 2084 1196 2155 εἶναι
1224 2088 1244 2174 ή
1272 2091 1334 2157 τὸν

314 2190 583 2277 ἀναμεμιγμένον
605 2190 701 2277 ἀέρα,
725 2192 761 2268 ὃς
784 2194 885 2277 φύσει
908 2192 1007 2278 μέλας
1035 2195 1084 2260 ὢν
1111 2196 1203 2281 ἄχρις
1231 2195 1334 2282 αύτής

272 2312 298 2366 Χ
313 2302 463 2364 τείνεται.
514 2297 621 2364 έκεῖνο
650 2295 688 2363 δέ
715 2298 759 2383 μή
786 2301 943 2385 παριδεῖν
974 2298 1076 2379 ἀξιον.
1125 2300 1333 2386 ήνεομηνία

312 2405 440 2491 κεφαλή
459 2405 563 2489 μηνὸς
580 2405 665 2490 πρὸς
683 2416 751 2470 τῶν
769 2404 916 2491 ἀρχαίων
933 2407 1220 2493 προσαγορεύεται.
1250 2407 1332 2475 δέκα

314 2509 352 2578 δὲ
381 2513 593 2594 εἰσηγοῦνται
621 2513 762 2595 σελήνης
789 2515 951 2597 σχήματα,
978 2513 1045 2598 ἀφ’
1068 2508 1117 2579 ὧν
1139 2514 1156 2580 ὁ
1179 2539 1331 2601 τριακον-

272 2640 299 2680 20
313 2620 460 2703 θήμερος
493 2616 743 2702 ἀναπληροῦται
774 2619 911 2695 κύκλος·
947 2621 987 2685 τά
1019 2619 1059 2685 δέ
1088 2618 1156 2687 ἐστι
1187 2621 1330 2699 σύνοδος

313 2724 456 2808 ἀνατολὴ
470 2724 648 2809 μηνοειδής
667 2725 843 2808 διχότομος
862 2724 1068 2811 ἀμφίκυρτος
1086 2728 1211 2811 πλήρης
1226 2721 1329 2805 αὖθις

383 2970 407 3006 v.
424 2959 438 3005 1
459 2951 563 3006 Thales
583 2951 661 3005 Diels
679 2950 801 3021 Doxogr.
821 2969 861 3022 gr.
881 2970 908 3020 p.
923 2956 996 3006 358²
1019 2952 1083 3006 adn.
1100 2956 1115 3006 ὅ
1204 2959 1219 3007 3
1238 2952 1328 3008 Hera·

313 3022 396 3078 clitus
414 3021 484 3078 ibid.
503 3042 530 3094 p.
546 3027 613 3077 369·
631 3022 696 3077 adn.
713 3028 729 3077 6
802 3027 818 3077 8
837 3021 1037 3077 Eratosthenes
1056 3022 1125 3078 ibid.
1139 3028 1212 3077 ³62·
1229 3024 1294 3080 adn.
1310 3030 1327 3080 3

383 3253 407 3289 v.
423 3240 439 3288 λ
459 3233 573 3303 ἔκριναν
592 3234 625 3288 ci.
644 3234 756 3290 Bekker
827 3240 843 3289 3
862 3233 1050 3308 πεπονθέναι]
1073 3237 1137 3305 περὶ
1154 3236 1203 3291 τὸν
1224 3239 1328 3294 θεικδν

312 3306 345 3360 X
414 3313 431 3361 4
450 3307 516 3368 τοὺς
534 3303 651 3374 ἀστέρας
670 3309 702 3362 δε
721 3303 839 3375 ομένους
856 3305 907 3369 τάς
924 3307 980 3362 ἀπὸ
998 3315 1048 3369 τ”ς
1102 3315 1153 3376 ρᾶς
1165 3306 1328 3378 ἀναθυμιά-

313 3394 381 3439 σεως
398 3375 488 3447 αδγάς
505 3377 625 3446 Doxogr.
642 3395 683 3447 gr.
699 3326 720 3431 ί.
734 3394 755 3430 s.
829 3382 844 3431 ’λ
864 3327 1032 3450 φαίνεσθαή
1074 3329 1187 3447 ἔρεσθαι
1203 3378 1326 3452 Doxogr.

1066 3308 1083 3361 δ

313 3465 353 3518 gr.
436 3453 452 3501 8
472 3446 515 3502 ὅτι
534 3447 549 3501 δ
568 3445 757 3518 ἐρατοσθένης
774 3446 825 3518 τὴν
844 3446 895 3517 μὲν
913 3448 1030 3517 σελήνην
1048 3399 1083 3490 P-
1103 3455 1136 3504 10
1153 3450 1237 3519 μύρια
1255 3450 1327 3520 ἀφε-

313 3516 413 3572 στάναι
431 3515 503 3586 λέγει
521 3526 571 3587 τῆς
588 3526 645 3588 γῆς.
684 3520 736 3573 cet.
756 3517 813 3573 des.
838 3519 868 3573 Y
942 3519 1151 3590 θδγδοήκοντα
1173 3521 1243 3576 ὀκτὼ
1262 3523 1290 3577 Β
1320 3523 1325 3595 Ι

312 3585 507 3713 όψῗίόὶῗ
521 3589 635 3727 έέῖιιι
664 3589 1327 3726 fflssssffvffff'1‘ffss'ss2‘v‘ffwf{ssim

313 3727 611 3855 -ξτάστέραςΑοιοὶαΧ
625 3680 800 3799 ΙηκράμμάΧ
830 3682 845 3728 ρ
862 3738 895 3787 16
910 3733 1006 3806 αὐτῆς]
1021 3733 1175 3803 ούρανοῦδ
1234 3740 1266 3790 21
1283 3738 1326 3791 δι-

314 3819 330 3869 ι
364 3818 448 3870 νινε
