3074 4598
496 512 603 569 ιωωι
620 510 797 577 ουωωοε.
824 511 1025 569 mmm
1223 519 1264 585 71

247 676 312 746 »ἐπὶ
339 687 407 742 τῶν
434 677 545 742 αὐτῶν
571 673 631 740 οὐκ
659 672 697 759 ἐᾷ
722 672 844 757 μένειν.
888 673 970 760 ἡδὲ
997 674 1174 764 εἱμαρμένη
1198 676 1301 747 §ms

255 781 312 850 καὶ
330 780 351 864 ἡ
371 783 506 868 είμαρτὴ
525 777 673 864 ἐνέργεια
690 777 711 860 ἢ
730 777 830 856 αὐτὸς
847 779 865 845 6
884 783 964 860 θεὸς
980 782 1001 865 ἢ
1015 782 1035 867 ἡ
1049 779 1115 867 μετ’
1134 780 1264 869 ἐκείνην

254 885 436 972 τεταγμένη
454 885 688 952 κατὰπάντων
705 883 873 970 οὐρανίων
890 910 925 951 τε
942 886 998 954 καὶ
1016 888 1170 972 ἐπιγείων
1182 891 1264 973 μετὰ

254 1003 313 1078 τῆς
331 992 476 1077 ἀνάγκης
489 989 585 1070 τάξις.
619 987 675 1055 καὶ
693 989 713 1072 ἡ
731 985 794 1074 μὲν
811 990 912 1068 αὐτάς
926 993 998 1060 κύει
1011 997 1068 1072 τάς
1081 994 1182 1081 άρχίις
1194 1005 1263 1061 τῶν

252 1100 467 1187 πραγμάτων,
493 1097 515 1180 ἢ
538 1092 576 1162 δὲ
596 1098 830 1180 καταναγκάζει
854 1095 909 1162 καί
934 1100 974 1163 τά
996 1101 1070 1185 τέλη
1095 1105 1262 1185 γίνεσθαι·
1289 1129 1303 1170 ι

248 1207 389 1282 ταύταις
411 1200 448 1270 δὲ
471 1203 650 1271 άκολουῦελ
672 1201 762 1282 τάξις
783 1200 838 1268 καί
856 1204 958 1287 νόμος
975 1204 1030 1272 καὶ
1047 1205 1148 1275 οὐδὲν
1166 1209 1262 1274 άτακ.

254 1311 333 1377 κου’.
370 1311 421 1376 ὅτι
438 1312 573 1377 κατὰτὰ
586 1310 708 1397 Ἑρμοῦ
722 1311 870 1394 δόγματα
887 1316 1014 1393 μᾶλλον
1031 1312 1049 1379 6
1064 1315 1262 1402 Πορφύριος

254 1419 347 1485 δοκεῖ
373 1417 483 1502 λέγειν
509 1416 584 1505 περὶ
610 1419 725 1502 τύχης,
752 1415 859 1500 λέγων
886 1415 987 1482 οὕτω·
1009 1417 1081 1502 ’τὴν
1102 1420 1205 1505 τύχην
1227 1423 1261 1488 οἱ

252 1523 389 1592 παλαιοί
412 1535 458 1615 τῷ
482 1525 562 1592 ἑπτά
584 1524 717 1612 ἀριθμῷ
740 1533 918 1609 συνῆπτον,
942 1524 987 1601 ὡς
1008 1525 1069 1609 τὴν
1091 1537 1158 1591 τῶν
1180 1523 1261 1594 ἑπτὰ

253 1633 433 1700 ἐπίκλωσιν
463 1636 619 1718 ἔχουσαν,
652 1632 713 1698 ὅσα
741 1632 789 1709 είς
817 1632 855 1697 τὸ
885 1634 970 1711 ζῶον
997 1629 1052 1697 καὶ
1080 1632 1141 1715 την
1167 1631 1260 1711 ἐκτὸς
1272 1661 1300 1702 ιο

249 1741 373 1806 τούτου
392 1737 560 1828 ἐνέργειαν
577 1736 631 1805 ἀπ’
654 1738 755 1823 αὐτῆς
773 1737 991 1805 ἐπικλώθεται
1008 1739 1128 1824 ταύτης
1141 1743 1258 1826 κυρίας

248 1849 385 1914 πάντων
403 1845 603 1932 γινομένης’.
639 1844 694 1912 καὶ
712 1848 771 1911 τὸν
788 1847 906 1932 καιρὸν
920 1842 958 1912 δὲ
971 1857 1009 1934 τῇ
1023 1848 1104 1934 τύχη
1118 1845 1258 1933 προσνέ-
1313 1907 1316 1911 ,

249 1970 367 2038 μουσι,
395 1952 483 2016 διότι
505 1951 523 2018 6
546 1952 658 2037 καιρὸς
686 1951 723 2017 ἐν
745 1962 815 2028 τοῖς
836 1953 1005 2038 πράγμασι
1026 1952 1081 2019 καὶ
1104 1952 1256 2038 εὐστοχία

251 2057 392 2124 ἑκάστου
414 2059 497 2144 πρὸς
519 2059 556 2124 τὸ
578 2058 804 2141 ὑποκείμενον.
844 2056 862 2123 6
886 2058 924 2122 δε
946 2061 1098 2144 Πρόκλος
1120 2058 1157 2124 ἐν
1173 2060 1256 2127 ὐπο-

246 2162 393 2231 τυπύσει
428 2172 486 2247 τῆς
517 2167 732 2246 Πλατωνικῆς
763 2166 964 2248 φιλοσοφίας
994 2163 1068 2251 περὶ
1099 2175 1166 2230 τῶν
1196 2175 1295 2250 τηςιτ

246 2279 355 2355 ψυχῆς
378 2269 553 2354 δογμάτων
571 2277 673 2335 ταῦτα
691 2267 793 2351 λέγει·
816 2269 860 2335 ὀλ
877 2265 940 2354 μὲν
960 2270 1116 2354 ἡλιακούς
1134 2273 1253 2356 ἔλαχον

247 2378 417 2460 δαιμόνων
431 2376 603 2460 ἡγεμόνας,
621 2378 654 2441 ολ
668 2372 706 2441 δὲ
719 2377 944 2461 σεληνιακούς,
962 2377 1056 2443 ὐλλοι
1070 2373 1107 2443 δὲ
1122 2379 1251 2457 ἄλλους.

244 2483 330 2568 πρὸς
360 2485 478 2549 τοίνυν
504 2484 565 2567 τὴν
593 2483 698 2566 φύσιν
723 2493 792 2548 τῶν
818 2482 991 2567 ἡγεμόνων
1015 2485 1168 2571 πρόεισιν
1193 2483 1252 2552 άν-

244 2589 398 2674 ῦρώποις
424 2591 465 2654 τά
493 2588 709 2672 εὐτυχήματα·
746 2589 802 2654 διά
827 2589 891 2675 γάρ
914 2587 1024 2673 μέσων
1050 2589 1160 2656 αὐτῶν
1185 2591 1250 2660 άπὸ

243 2705 312 2760 τῶν
329 2699 435 2762 θείων
453 2697 500 2773 εἰς
517 2694 601 2781 ἡμᾶς
618 2693 831 2780 διαπέμπεται
849 2697 890 2761 τά
908 2694 1019 2780 άγαθά
1036 2695 1104 2763 κατ’
1127 2697 1248 2778 άξίαν’.’
1261 2727 1289 2768 ιο

243 2798 300 2866 καί
321 2803 448 2889 μάρτυς
471 2803 489 2869 6
511 2801 699 2889 Εὐριπίδου
723 2803 869 2886 Πηλεύς·

332 2931 417 2992 θεοῦ
440 2928 504 3014 γὰρ
527 2926 617 3004 ἐκτὸς
639 2925 751 3005 οὐδεὶς
774 2927 904 3012 εὐτυχεί
925 2931 1051 3015 βροτός.
1251 2942 1303 2998 XS

335 3124 405 3187 Φεῦ
427 3134 495 3188 τῶν
515 3125 676 3210 βροτείων
698 3124 742 3199 ὡς
765 3121 935 3207 άνώμαλοι
957 3123 1066 3209 τύχαις
1262 3137 1292 3193 X

332 3227 365 3291 ολ
386 3223 533 3313 μὲνγὰρ
556 3224 592 3293 εὐ
613 3229 811 3313 πράσσουσι,
833 3238 903 3303 τοῖς
927 3225 964 3294 δὲ
986 3228 1153 3317 συμφοραὶ

331 3331 512 3419 <σκληραὶ>
533 3336 687 3419 πάρεισιν
709 3334 882 3418 εὐσεβοῦσι
904 3335 1101 3421 πρὸςθεοῦ.
1259 3364 1288 3406 ω

310 3523 336 3560 τ.
356 3512 389 3560 22
407 3505 472 3562 Eur.
491 3505 571 3578 frgm
591 3512 668 3578 1025,
688 3515 703 3562 1
722 3506 825 3563 Nauck
904 3513 938 3562 23
953 3541 988 3550 -
1002 3515 1035 3564 25
1052 3509 1117 3565 Eur.
1136 3509 1246 3581 Soyrio·

239 3593 303 3630 rum
319 3575 372 3647 frg.
387 3582 448 3646 684,
464 3584 532 3633 1-3
550 3577 650 3632 Nauck

310 3755 335 3791 v.
351 3741 456 3791 23-26
475 3736 593 3794 συείοις
680 3743 713 3792 26
733 3737 889 3811 <σκληραλ>
913 3737 992 3794 deest
1012 3739 1053 3808 Χ,
1082 3739 1207 3811 supplevi
1229 3759 1245 3798 ο

238 3806 317 3862 stab.
335 3806 409 3863 Flor.
425 3814 489 3878 105,
505 3814 538 3863 16
557 3811 586 3863 et
602 3808 687 3863 Anth.
705 3809 765 3866 Pal.
781 3816 827 3879 10,
843 3814 893 3863 107
901 3853 907 3879 ‚
930 3825 1003 3879 quae
1025 3811 1137 3866 eosdem
1154 3829 1245 3869 serva·

236 3881 338 3933 verunt
354 3895 449 3934 versus
521 3887 555 3935 25
574 3880 702 3953 εὐσεβοῦς
719 3881 747 3936 Β
