3074 4598
625 558 734 613 LIBER
751 558 874 614 ALTER
1211 559 1255 624 25

241 722 382 812 ἐξῄρουν
404 732 465 789 τοῦ
490 721 761 806 Βοηδρομιῶνος,
790 722 835 798 ὡς
858 723 1074 806 Πλούταρχος
1100 719 1137 785 ἐν
1160 723 1293 804 Eva-Y
1336 733 1341 740 '

240 833 347 917 ποσίρι
371 833 463 914 φησί.

186 949 288 1014 R-rIIJ
335 936 364 1000 8.
392 937 462 1019 Τὴν
485 930 523 999 δὲ
545 936 660 1017 τρίτην
681 929 808 1018 ἡμέραν
830 932 992 1001 ἀνέθεντο
1015 935 1182 1022 Πυρίεντι
1196 941 1306 998 -XY

229 1043 333 1127 Ἤρης
361 1040 391 1106 δ
419 1041 463 1106 ἀν
490 1045 541 1123 είη
570 1033 668 1115 οὗτος
693 1036 772 1124 παρ’
791 1036 929 1123 Ἕλλησι
957 1079 1000 1088 -
1027 1039 1174 1108 τουτέστι
1207 1046 1253 1125 τῷ

237 1147 339 1235 ἀερίρι
365 1145 423 1213 καὶ
450 1149 578 1234 γονίμῳ
605 1149 701 1231 πυρί,
730 1145 811 1230 ὅπερ
840 1143 969 1224 ἐξάπτει
996 1149 1058 1231 τὴν
1083 1156 1142 1215 τοῦ
1169 1167 1252 1212 παν·
1278 1166 1292 1207 ε

237 1255 293 1331 τὸς
316 1255 482 1339 αἰσθητοῦ
506 1252 612 1340 φύσιν
633 1251 688 1318 καὶ
711 1252 828 1338 ἀργεῖν
851 1252 913 1318 οὐκ
936 1252 984 1340 ἐᾷ,
1006 1252 1162 1341 ξηραῖνον
1185 1255 1252 1339 ἅμα

237 1358 293 1426 καὶ
325 1360 482 1446 ῥοιζηδὸν
513 1368 707 1448 θερμαῖνον.
750 1356 858 1444 Ἥρας
890 1355 928 1425 δὲ
953 1361 1057 1426 παῖδά
1083 1379 1164 1447 φασι
1193 1361 1252 1427 τὸν

230 1466 340 1552 Ἄρεα,
359 1468 533 1536 τουτέστιν
551 1467 587 1533 έκ
605 1477 666 1533 τοῦ
684 1465 854 1552 ἀερώδους
872 1467 909 1531 τὸ
929 1463 1050 1543 διειδὲς
1066 1465 1121 1533 καὶ
1137 1472 1252 1533 λεπτο-
1313 1526 1316 1532 .

236 1571 334 1662 μερὶς
355 1586 438 1664 πῦρ·
466 1577 550 1643 ὅθεν
572 1575 606 1640 οἱ
631 1570 772 1658 μυθικοὶ
799 1572 996 1656 ζευγνύουσι
1018 1575 1079 1657 τὴν
1094 1572 1251 1660 Ἀφροδί-

236 1707 299 1768 την
329 1680 410 1750 ποτέ
439 1680 502 1769 μέν
524 1683 711 1770 Ἡφαίστῳ,
743 1688 790 1770 τῷ
821 1684 950 1770 χθονίῳ
979 1685 1075 1767 πυρί,
1104 1676 1185 1746 ποτε
1213 1676 1251 1745 δὲ
1264 1702 1291 1742 1ο

230 1790 336 1876 Ἅρεῖ,
368 1799 415 1878 τῷ
442 1790 556 1878 ἀερίω·
589 1790 647 1855 διδ
675 1789 739 1875 γὰρ
769 1789 898 1854 τούτων
927 1788 964 1853 τὸ
992 1797 1059 1854 πᾶν
1087 1787 1251 1872 αἰσθητὸν

236 1900 458 1981 ζωογονεῖται,
484 1898 529 1974 ὡς
551 1901 686 1981 είρηται.
731 1898 867 1981 μεγίστη
892 1890 929 1960 δὲ
951 1895 972 1979 ἡ
995 1905 1052 1980 τῆς
1074 1896 1208 1982 τριάδος
1221 1903 1301 1959 XYS

235 1998 292 2065 καὶ
314 2000 384 2067 κατ’
408 2008 570 2085 αἴσθησιν
593 2003 747 2086 δύναμις·
770 2001 872 2087 ὁγάρ
890 1999 960 2066 κατ’
984 2002 1088 2087 αὐτὴν
1104 2001 1250 2088 ἀριθμὸς

235 2117 305 2183 τοῖς
328 2117 502 2191 γεννητοῖς
521 2105 698 2172 ἐπιδέδωκε
716 2108 849 2189 γένεσιν
868 2105 1007 2191 αὔξησιν
1024 2112 1159 2195 τροφήν.
1193 2105 1248 2172 καὶ

236 2212 297 2297 οὐχ
320 2212 433 2290 ἁπλῶς
456 2218 597 2298 εἴρηται·
1263 2236 1288 2278 ιε

490 2356 613 2441 τριχθὰ
636 2351 673 2420 δὲ
694 2355 803 2419 πάντα
826 2352 993 2440 δέδασται,

233 2509 337 2584 τριῶν
360 2501 470 2564 ὄντων
492 2494 547 2562 καί
570 2497 681 2562 αὐτῶν
702 2507 771 2561 τῶν
794 2495 964 2582 οὐρανίων
987 2499 1157 2581 σωμάτων,
1185 2504 1246 2562 τοῦ

234 2626 269 2670 τε
287 2605 508 2689 αάθερῶδους,
531 2600 723 2689 ἀστρώδους
741 2626 776 2668 τε
794 2600 850 2668 καὶ
874 2602 1051 2680 λιθῶδους.
1085 2601 1138 2668 καὶ
1161 2613 1229 2668 τῶν
1241 2618 1300 2696 ΧΥ

232 2720 397 2797 περιττῶν
429 2709 586 2798 ἀριθμῶν
617 2707 700 2794 ἀρχὴ
736 2708 756 2793 ἡ
790 2709 898 2797 τριάς,
935 2709 1018 2776 ὅθεν
1052 2709 1106 2775 καὶ
1140 2709 1246 2787 ίδικὸς
1259 2727 1286 2782 x

154 2859 158 2866 ,
233 2816 379 2902 ἀριθμὸς
407 2817 425 2884 ὁ
455 2820 531 2904 τριά
560 2821 722 2899 καλεῖται,
753 2816 917 2903 μερισμὸν
945 2815 966 2901 ἢ
994 2817 1155 2906 διαίρεσιν
1183 2816 1244 2883 οὐκ
1258 2841 1285 2882 ιο

233 2923 474 3009 ἐπιδεχόμενος.
511 2924 563 2989 ὅτι
581 2924 715 2989 πάντων
733 2924 827 3009 ἄρχει
845 2934 913 2988 τῶν
931 2922 1085 3009 ἀριθμῶν
1101 2923 1122 3007 ἡ
1141 2925 1264 3009 τριάς,Ι

232 3031 277 3107 ὡς
300 3029 384 3116 ἀρχὴ
408 3031 619 3116 τυγχάνουσα
641 3041 708 3095 τῶν
730 3040 894 3115 περιττῶν
914 3031 1058 3115 πάντων,
1079 3031 1245 3116 πληρούν-
1269 3034 1276 3046 “

303 3221 330 3258 v.
346 3210 360 3259 1
380 3204 455 3259 Plut.
476 3203 589 3268 Quaest.
610 3221 685 3259 oonv.
704 3203 783 3273 me
802 3222 829 3274 p.
851 3204 935 3257 741Β
1007 3203 1126 3259 1611.0
1147 3208 1198 3258 189

302 3368 359 3416 v.1
381 3360 536 3435 ἀνεξῄρουν
555 3361 585 3415 D
692 3367 708 3416 8
727 3361 779 3432 τὴν
802 3359 899 3432 τρίτην
921 3367 958 3435 τῷ
982 3361 1044 3431 ἀρει
1065 3360 1186 3419 τουτέστι
1204 3367 1243 3436 τῷ

231 3430 317 3506 ἀερίῳ
336 3433 369 3487 Χ
446 3433 668 3501 ῖένθερμαῑνον
686 3433 719 3488 Χ
794 3432 861 3488 δέτι
879 3441 928 3488 τοῦ
947 3431 1030 3502 ἀέρος
1047 3434 1137 3504 (ἄρεος
1154 3435 1193 3504 Β)
1211 3433 1242 3488 τὸ

230 3502 407 3572 λεπτομερές·
426 3504 478 3559 τ“ν
497 3502 655 3573 ἀφροδίτην
672 3502 739 3559 ποτὲ
758 3502 808 3574 μὲν
826 3502 954 3578 ἡφαίστςο
972 3504 1039 3560 ποτὲ
1057 3505 1088 3562 δὲ
1103 3505 1165 3574 ἀρει
1183 3508 1243 3571 ζευ-

230 3574 355 3645 γνάουσι,
373 3525 498 3630 τουτέστι
516 3573 584 3629 ποτε
602 3574 653 3644 μὲν
670 3581 708 3649 τῷ
727 3573 835 3650 χθονίῳ
853 3574 933 3645 πυρί,
956 3574 1023 3631 ποτὲ
1041 3575 1073 3632 δὲ
1089 3581 1126 3650 τῷ
1145 3573 1242 3644 ἀερία·

230 3644 279 3700 διὰ
298 3645 352 3734 χάρ
372 3663 430 3716 αρε.
449 3647 482 3701 X
557 3652 590 3701 11
608 3647 679 3720 πᾶν]
696 3655 808 3716 πνεῦμα
825 3647 858 3701 Χ
932 3653 965 3701 12
984 3649 1022 3710 ὡς
1038 3648 1143 3719 εἴρηται
1162 3631 1241 3702 οιωδε.

234 3717 264 3771 Y
277 3717 281 3786 Ι
298 3735 341 3770 οτι
351 3717 688 3789 μεγίστη-ῙΒλιθῶδους
701 3718 724 3773 S
789 3723 823 3771 13
833 3719 881 3772 καὶ
891 3717 952 3773 κατ’
964 3718 1096 3788 αἴσθησιν
1105 3717 1183 3773 omis.
1192 3716 1246 3772 XS

225 3794 265 3842 -14
288 3798 416 3858 γενητοῖς
434 3791 467 3844 Χ
474 3790 507 3858 Y,
531 3798 653 3860 γενετοῖς
676 3789 702 3845 (τ’
731 3791 735 3860 Ι
765 3786 910 3845 ἑπιδέδοιιε
932 3791 960 3846 Α
989 3792 994 3861 Ι
1023 3793 1070 3846 καί
1091 3789 1200 3881 τρορὴν
1222 3787 1246 3844 S

231 3863 264 3913 18
283 3877 313 3912 τε
332 3860 392 3933 καὶ]
407 3879 436 3915 τε
450 3860 529 3915 omis,
544 3859 567 3915 S
581 3861 585 3929 Ι
600 3862 717 3915 καὶτῶν
731 3859 809 3916 οωίε,
825 3862 857 3915 Χ
928 3868 961 3917 19
975 3872 1107 3931 περιττῶν
1121 3881 1174 3932 γαρ
1188 3858 1245 3984 X}

230 3929 303 4000 ἀρχὴ
317 3928 444 4000 πέφυκεν
454 3928 527 3987 εἶναι
535 3930 616 3999 τριάς
624 3931 669 4005 Χῖ
681 3929 752 3987 ὅθεν
760 3963 796 3973 -—
804 3950 832 4002 p.
843 3939 910 4003 26‚1
925 3931 1092 4004 λειπομένων
1105 3933 1207 3986 desunt
