3074 4598
535 494 644 560 mna
661 493 837 561 QUARTUS.
865 495 1006 570 APRJLIS
1208 503 1268 569 121

265 664 321 732 καὶ
344 661 534 748 τριέσπερος
557 657 685 742 λέγεται
706 657 789 729 κατά
811 661 1026 746 Λυκόφρονα,
1048 657 1129 742 φησὶ
1151 663 1228 747 γάρ·
1283 674 1312 730 x

424 762 620 852 τριεσπέρου
642 760 785 846 λέοντος,
809 763 849 828 ὄν
871 787 950 832 ποτε
972 766 1113 851 γνάθοις

428 876 592 959 Τρίτωνος
614 867 765 952 ημάλαψε
788 869 951 955 κάρχαρος
972 872 1071 947 κύων.

265 983 302 1047 τὸ
332 983 396 1066 γάρ
425 975 513 1061 τρισὶ
539 972 637 1054 νυξὶν
664 971 830 1055 έσπάρθαι
858 975 917 1040 τὸν
937 975 1100 1062 Ἡρακλέα
1124 981 1271 1064 μνθικόν

264 1087 363 1154 ἐστιν.
404 1070 514 1166 Ἥβην
541 1077 579 1147 δὲ
607 1083 838 1165 καλλίσφυρον
866 1080 956 1169 αὐτῷ
983 1084 1136 1169 δίδωσιν,
1165 1082 1267 1151 οἱονεὶ
1293 1111 1311 1154 ι

264 1194 325 1277 τὴν
343 1189 584 1275 δημιουργικὴν
602 1189 758 1273 δύναμιν,
781 1183 837 1251 καὶ
855 1187 892 1252 τὸ
911 1190 1013 1254 καλὸν
1031 1191 1068 1266 τὸ
1086 1191 1267 1276 ε’γκόσμιον.

263 1298 281 1364 6
305 1293 343 1362 δὲ
365 1293 532 1381 στέφανοςΙ
549 1297 752 1379 τελειότητος
775 1293 892 1379 δεῖγμά
915 1291 997 1359 ἐστι·
1024 1297 1077 1360 διὸ
1099 1298 1141 1381 δὴ
1163 1302 1256 1375 θεοῖς
1269 1308 1320 1365 XS

261 1400 318 1469 καὶ
347 1405 519 1488 βασιλεῦσι
547 1402 602 1478 καὶ
630 1404 777 1489 ἱερεῦσιν
803 1399 933 1475 ἐδίδοτο
960 1401 1104 1487 πρώτως.
1147 1411 1205 1487 της
1231 1400 1307 1470 δὲΧ

261 1510 362 1596 τύχης
384 1510 589 1597 ἀφελομένης
613 1510 703 1596 παρὰ
725 1517 784 1592 της
811 1506 928 1596 ἀρετῆς
950 1508 1009 1575 τὸν
1035 1506 1208 1592 στέφανον,
1235 1510 1268 1575 ολ

262 1619 361 1703 ἱερεῖς
382 1620 419 1685 τὸ
442 1617 561 1686 λοιπὸν
582 1615 834 1701 ἀποκειρόμενοι
852 1615 914 1700 την
931 1617 1037 1701 κόμην
1053 1614 1176 1689 κύκλον
1191 1617 1266 1681 τινά
1280 1642 1306 1683 ιο

261 1737 385 1813 τριχῶν
407 1722 482 1791 ἀντὶ
505 1720 672 1809 στεφάνου
694 1731 733 1809 τη
756 1726 883 1810 κεφαλῇ
903 1728 1124 1807 περιποιοῦσι.
1167 1722 1269 1788 δωδε-

261 1833 433 1916 κάμοχθόν
455 1853 493 1914 γε
511 1830 579 1914 μὴν
596 1828 699 1895 αὐτόν
719 1846 813 1913 φασι,
837 1830 893 1896 διά
911 1831 948 1895 τὸ
967 1829 1007 1894 τὰ
1025 1828 1152 1894 δώδεκα
1170 1830 1268 1908 ζωδία

261 1935 432 2023 ἐκτρέχειν.
477 1933 533 2000 καὶ
560 1936 622 2019 τὴν
635 1932 813 2018 ’Ἄλκηστιν
839 1931 877 2000 δὲ
904 1943 949 2022 τῷ
964 1933 1115 2024 ’Ἀδμήτῳ
1142 1933 1267 2013 ἀναψυ-

262 2042 370 2125 χάσας
387 2038 604 2124 ἀποδίδωσιν,
622 2032 696 2105 οἷον
713 2048 759 2127 τῷ
778 2041 889 2128 κόσμφ
907 2041 969 2124 τὴν
986 2041 1151 2123 ζωογόνον
1164 2041 1268 2126 φύσιν

262 2147 363 2236 ἐντῷ
385 2157 522 2232 χειμῶνι
543 2152 852 2230 κατανεκρωθεῖσαν
870 2144 888 2211 6
907 2145 1000 2228 ἥλιος
1021 2146 1266 2222 ἀποκαθιστῶν·
1279 2173 1307 2221 ιι

250 2251 416 2339 ’Ἄδμητος
441 2255 504 2340 γὰρ
533 2252 551 2319 6
578 2255 700 2337 κόσμος
726 2252 815 2333 παρὰ
842 2253 879 2317 τὸ
907 2250 1075 2337 ἀκάμαντα
1102 2248 1266 2320 εἶναικαὶ

260 2360 407 2440 ἀείζωον.
460 2360 610 2443 Αὐγείαν
641 2355 679 2425 δὲ
710 2359 906 2445 διαφθεῖραι
940 2357 1082 2442 λέγεται·
1117 2356 1171 2424 καὶ
1202 2362 1266 2445 γὰρ

261 2466 409 2552 ἀνίσχων
431 2465 449 2532 6
472 2467 565 2550 ἥλιος
587 2467 647 2531 τὸν
670 2467 812 2551 ὄρθριον
835 2465 1057 2552 διασκορπίζει
1077 2466 1203 2550 καιρόν,
1225 2465 1265 2532 δν

259 2575 291 2640 ολ
323 2570 441 2645 πολλοὶ
473 2573 581 2656 αὐγὴν
616 2571 844 2656 ὀνομάζουσιν.
897 2570 963 2636 ὑπὸ
996 2566 1033 2637 δὲ
1063 2570 1265 2657 Εὐρυσθέως

258 2680 494 2767 προστάττεται
516 2678 535 2745 6
554 2677 720 2763 Ἡρακλῆς
746 2678 825 2754 τοὺς
847 2679 1046 2743 δυοκαίδεκα
1067 2678 1192 2754 άθλους
1214 2677 1263 2744 ἐκ·
1277 2703 1305 2744 κο

259 2789 380 2870 τελεῖν,
407 2784 482 2851 ἀντὶ
504 2793 565 2851 τοῦ
587 2784 606 2851 6
629 2783 721 2867 ἣλιος
748 2785 897 2850 κελεύσει
923 2793 984 2850 τοῦ
1005 2784 1148 2869 μεγάλου
1168 2791 1263 2868 θεοῦ,

259 2891 516 2977 ἀντιβαινούσης
546 2900 604 2975 τῆς
624 2888 731 2975 Ἥρας
758 2927 801 2938 -
830 2887 933 2962 οἱονεὶ
964 2900 1021 2976 τῆς
1053 2895 1194 2977 σφαίρας
1221 2929 1263 2939 -

258 2997 458 3086 ἀντίρροπος
487 2997 569 3085 αὐτῇ
601 2999 660 3063 τὸν
690 2998 938 3076 δωδεκαζύδιον
968 2997 1139 3081 διαφεύγει
1165 2996 1264 3084 ούρα-

257 3105 328 3170 νόν.
374 3103 478 3181 οὕτως
499 3099 562 3188 μὲν
583 3104 616 3169 ολ
639 3105 829 3188 φιλόσοφοι.
874 3101 938 3168 ἀπὸ
961 3099 999 3168 δὲ
1021 3114 1088 3169 τῶν
1108 3104 1263 3189 ἱστοριῶν

257 3209 454 3294 εὑρίσκομεν
477 3207 557 3274 ἑπτά
570 3208 745 3295 Ἡρακλεῖς
762 3207 930 3292 γενέσθαι,
953 3219 1085 3294 πρῶτον
1102 3211 1185 3286 Διὸς
1202 3218 1262 3276 τοῦ
1275 3234 1303 3276 ει

256 3313 404 3400 Αδθίρος
425 3312 481 3379 καὶ
499 3315 674 3398 Λυσιθόης
694 3322 753 3399 τῆς
771 3312 941 3399 Ὠκεανοῦ,
964 3314 1120 3399 δεύτερον
1136 3317 1263 3382 Νείλου

327 3471 352 3508 v.
369 3460 382 3506 1
402 3450 537 3522 Lyoophr.
556 3450 718 3507 Alexandra
734 3470 759 3508 v.
775 3457 867 3508 3134

326 3573 453 3631 πίστι
484 3575 499 3631 6
532 3574 619 3647 στέφοι
600 3597 722 3641 οινος-
686 3572 1104 3658 -ίὸἐδδοτοΒΙῦέστι
1135 3576 1262 3635 0mis.S

255 3648 340 3702 διαὶ
359 3647 477 3715 ἱερεῦσιν
491 3645 608 3703 omsS
676 3652 710 3702 10
728 3646 804 3701 δλο
806 3647 854 3701 κδ
856 3647 884 3719 ν]
900 3647 931 3702 τὸ
945 3664 1023 3702 omn
1038 3648 1067 3702 Β
1137 3654 1170 3715 1-2
1188 3656 1262 3719 μῆνα

254 3668 421 3808 ΒΙτδυτδι
439 3719 605 3787 δύδειιαΧ,
629 3734 697 3778 corr
716 3717 761 3773 Rr
833 3723 865 3772 18
884 3707 1235 3790 έτρέεινΑΙάλκίστην
1230 3721 1263 3787 X

256 3794 289 3850 16
308 3787 457 3859 ἀδάμαντα
472 3761 675 3859 ετερίοεῖιιεῦ.
690 3786 829 3852 Wissowa
894 3793 926 3841 17
944 3738 1033 3860 ααῦγέ
1014 3810 1051 3844 αν
1064 3788 1097 3843 Χ
1155 3794 1189 3856 23
1207 3781 1262 3859 δῴ-

255 3860 361 3926 δεκάζω
363 3863 415 3917 δον
432 3862 461 3916 Β
533 3865 566 3914 25
586 3868 693 3928 πρῶτος
710 3848 739 3914 Β
