3074 4598
339 462 382 525 42
702 459 810 513 LIBER
827 457 982 512 TERTIUS

243 634 324 688 st
339 623 465 708 ταύρου
488 620 663 706 μυκωμένη
682 621 857 703 δαιμόνιόν
874 643 950 684 τινα
964 618 1141 703 μυκηθμὸν
1154 618 1202 694 εἰς
1215 617 1277 700 την
1290 626 1354 682 τοῦ

341 727 451 811 άέρος,
479 726 499 811 ἡ
524 723 561 792 δέ
588 735 648 791 τοῦ
675 725 783 811 ὕδρου
809 727 910 810 πικρά
936 723 991 789 καὶ
1020 726 1158 799 άστατος
1180 724 1281 809 φύσις
1305 725 1355 800 είς

340 834 403 917 τὴν
424 841 485 897 τοῦ
507 831 644 915 ύδατος,
666 830 687 914 ἡ
712 826 749 894 δὲ
771 839 831 895 τοῦ
853 830 954 906 κυνὸς
975 831 1151 913 κολαστικὴ
1174 827 1229 894 καὶ
1252 853 1354 914 τιμω-

342 940 400 1025 ρὸς
430 940 476 1014 είς
507 939 569 1022 τὴν
600 947 672 1022 γῆν.
718 937 801 1001 ὅθεν
831 934 886 1001 καὶ
918 934 1090 1023 Κέρβερον
1117 935 1222 1020 αὐτὴν
1248 935 1354 1001 οἱονεὶ

302 1047 531 1138 Χκρεωβόρον
563 1045 595 1110 οἱ
626 1041 760 1127 ποιηταὶ
790 1044 1106 1129 προσαγορεύουσιν.
1157 1042 1259 1126 αὐτῆς
1290 1037 1355 1108 οὖν

317 1159 401 1235 ιτης
424 1152 563 1234 σελήνης
585 1161 652 1215 τῶν
674 1150 842 1235 τεσσάρων
865 1151 1037 1233 στοιχείων
1064 1149 1247 1235 κρατούσης
1269 1151 1356 1216 εἰκό-

344 1281 408 1335 τως
430 1259 463 1323 οἱ
484 1255 620 1323 παλαιοὶ
642 1257 704 1340 τὴν
731 1255 836 1342 άρχην
862 1266 922 1322 τοῦ
950 1259 1044 1332 ἔτους
1067 1255 1265 1342 ἀμφοτέροις
1287 1258 1356 1342 άμα

345 1362 506 1430 ἀνέθεντο
529 1375 598 1440 τοῖς
621 1365 739 1448 φωσίν.

412 1471 442 1535 9.
454 1472 497 1535 A
510 1479 570 1535 τοῦ
586 1472 712 1556 σπόρου
730 1468 848 1555 ἑορταί,
866 1470 901 1534 αἱ
916 1471 1090 1554 λεγόμεναι
1107 1471 1195 1555 παρὰ
1210 1469 1410 1550 ‘Pm-RrIILss

306 1600 333 1640 ιο
347 1580 457 1661 μαίοις
494 1580 705 1661 σημαντῑβαι,
745 1575 894 1641 τουτέστι
932 1578 1103 1661 σπόριμοι,
1140 1575 1201 1641 οὐκ
1238 1579 1357 1660 ἔλαχον

347 1681 534 1767 ὡρισμένην
559 1682 700 1767 ἡμέραν,
727 1683 778 1748 ὅτι
806 1681 867 1747 οὐκ
894 1680 1057 1766 εὐπρεπὴς
1083 1691 1147 1758 πᾶς
1168 1683 1282 1766 καιρὸς
1309 1683 1358 1758 εἰς

347 1787 451 1872 ἀρχὴν
479 1790 619 1873 σπόρου·
651 1786 758 1872 ἣγδιρ
785 1789 934 1871 πράίμος
962 1788 1018 1851 διά
1045 1788 1103 1861 τὰς
1131 1785 1310 1872 ἐπομβρίας
1336 1786 1357 1870 ἣ

348 1894 467 1975 ὄψιμος
487 1894 543 1956 διὰ
563 1894 621 1968 τὰς
642 1893 849 1977 βραδυτῆτας
869 1895 1005 1974 γίνεται.
1032 1893 1154 1973 ἤγοντο
1175 1887 1212 1954 δὲ
1227 1889 1280 1955 ἐπὶ
1295 1891 1357 1955 δύο

347 1995 480 2081 ἡμέρας,
499 1997 560 2062 οὐκ
579 1996 694 2080 ἐφεξῆς
712 1996 796 2061 m&
814 1995 916 2080 μέσον
929 1994 1115 2079 γινομένων
1133 1992 1226 2060 ἑπτά·
1244 1993 1299 2060 καὶ
1317 2005 1357 2080 τῇ

309 2121 335 2160 ιι
348 2098 409 2184 μὲν
422 2103 535 2185 πρώτη
551 2103 742 2181 ίεροποιόυν
755 2103 918 2185 Δήμητρι,
937 2093 1011 2164 οἷον
1024 2109 1063 2184 τῇ
1079 2103 1127 2184 Ρη
1141 2109 1180 2183 τῇ
1198 2098 1358 2182 ὑποδεχο-

349 2202 430 2288 μένη
444 2207 522 2280 τοὺς
535 2205 695 2289 καρπούς·
712 2201 781 2269 εἶτα
795 2206 874 2288 μετὰ
890 2203 969 2269 ἑπτὰ
983 2202 1105 2288 ἡμέρας
1118 2205 1223 2287 Κόρη,
1237 2213 1276 2287 τῇ
1290 2213 1359 2266 τῶν

256 2317 337 2371 XYS
349 2320 484 2390 καρπῶν
503 2308 623 2396 ἐφόρῳ,
647 2308 715 2374 ἐπεὶ
739 2319 806 2375 πᾶν
825 2308 952 2394 σπέρμα
972 2307 1149 2392 ἑβδομαῑον
1166 2308 1359 2392 προκύπτει,

350 2412 405 2478 καὶ
435 2415 476 2479 οὐ
506 2413 632 2500 σπέρμα
662 2417 782 2499 μόνον,
812 2415 896 2480 ἀλλὰ
924 2413 979 2478 καὶ
1008 2413 1163 2498 ἐμψύχων
1190 2415 1229 2478 τὰ
1252 2415 1359 2497 πτηνά

350 2520 410 2584 τὸν
432 2518 609 2604 ἕβδομαίον
636 2519 689 2586 ἐπὶ
716 2522 827 2608 τριάδι
853 2522 935 2586 κατὰ
961 2522 1022 2605 τὴν
1048 2519 1179 2603 γένεσιν
1202 2521 1360 2604 φυλάττει

311 2649 337 2688 κο
352 2628 462 2710 λόγον,
486 2626 693 2713 ἐξῃρημένων
714 2639 824 2712 χηνῶν
846 2625 901 2692 καί
920 2627 1008 2692 ὅσων
1031 2628 1063 2691 οἱ
1086 2624 1222 2711 φυσικοὶ
1245 2644 1361 2710 σημαι-

352 2743 480 2799 οῦνται·
508 2732 561 2798 ἐπὶ
588 2730 649 2817 μὲν
671 2736 734 2820 γὰρ
758 2745 815 2819 τῆς
837 2738 948 2820 τρίτης
971 2736 1103 2820 ἄρχεται
1126 2733 1146 2817 ἡ
1169 2735 1289 2818 καρδία
1311 2756 1360 2797 κι-

350 2847 498 2923 νεῖσθαι,
527 2839 580 2904 ἐπὶ
604 2837 640 2904 δὲ
663 2851 721 2924 της
745 2839 885 2925 ἑβδόμης
907 2843 944 2905 τὸ
968 2842 1101 2924 σύμπαν
1128 2842 1361 2923 αἱματοῦσθαι,

351 2944 404 3010 ἐπὶ
427 2942 465 3011 δέ
487 2955 544 3029 της
562 2948 909 3031 τεσσαρεςκαιδεκάτης
932 2948 1181 3030 διαρθροῦσθαι
1202 2946 1239 3009 τὸ
1259 2956 1361 3028 σῶμα,

353 3050 405 3115 ἐπὶ
429 3048 466 3115 δὲ
488 3061 545 3135 τῆς
568 3053 698 3128 εἰκάδος
719 3053 849 3136 πρώτης
877 3051 1087 3137 ῥηγνυμένου
1113 3060 1173 3115 τοῦ
1195 3050 1362 3133 κείύφους

424 3259 448 3295 v.
464 3247 479 3294 2
499 3238 587 3309 ι’ἱδρου
600 3241 636 3309 A,
654 3239 759 3308 ἀνδρός
773 3241 858 3313 BA„
877 3239 964 3309 ύδρου
983 3241 1036 3295 Ys
1105 3240 1361 3310 ὀπροσαγορεύον·

353 3329 407 3366 σιν.
432 3311 541 3380 reliqua
559 3328 647 3380 usque
666 3311 702 3364 ad
723 3317 754 3364 17
775 3309 816 3365 ὅτι
835 3319 893 3366 πᾶν
912 3310 1018 3379 σπέρμα
1033 3312 1135 3364 desunt
1152 3311 1204 3364 ΥΒ
1275 3316 1289 3364 7
1309 3310 1361 3378 ἀμ-

354 3379 474 3450 φότερον
488 3383 516 3434 Β
590 3388 622 3433 10
641 3379 806 3448 σημαντέναι
824 3383 907 3452 AB,
926 3380 1092 3451 οημαντέβαι
1108 3382 1135 3433 Α
1208 3386 1240 3432 13
1261 3379 1363 3446 δψιμος

354 3452 409 3505 δυα
432 3452 459 3503 Α
559 3456 591 3503 14
610 3448 740 3520 γινομένη
765 3451 792 3502 Β
888 3456 920 3502 15
939 3447 1145 3518 ὑποδεχομένου
1168 3448 1208 3516 Α,
1235 3466 1303 3502 corr.
1321 3450 1360 3518 A,

356 3526 389 3574 17
408 3519 468 3573 ἐπεὶ
485 3522 556 3588 πᾶνΙ
576 3517 618 3572 δτι
637 3528 694 3572 πᾶν
713 3519 765 3573 YS
836 3524 868 3571 18
887 3520 936 3572 καὶ
954 3520 986 3572 ού
1005 3517 1111 3586 σπέρμα
1126 3516 1212 3588 μόνον
1226 3517 1295 3571 ἀλλὰ
1314 3518 1363 3570 de-

355 3592 421 3643 sunt
444 3590 472 3642 Y
493 3592 497 3659 Ι
522 3591 642 3643 καὶτῶν
661 3589 792 3710 ἐμψύχων
815 3589 845 3642 Υ
914 3593 946 3641 19
965 3588 1036 3642 κατὰ
1060 3588 1178 3642 θυήεις
1248 3595 1282 3641 ‘20
1302 3587 1363 3659 ἐξη-

355 3657 482 3729 ρημένων
492 3691 525 3699 -
536 3668 712 3729 σημειοῦνται
747 3662 828 3713 esunt
846 3659 880 3727 Υ,
898 3657 969 3732 λόγῳ
986 3657 1036 3727 μὲν
1051 3657 1256 3727 ξηραινομένων
1270 3668 1363 3728 χηνῶν

355 3732 459 3799 (χυμῶν
479 3730 563 3798 Β)Χ,
591 3727 674 3799 λόγον
702 3728 874 3800 ἐξηρημένων
900 3740 992 3799 χηνῶν
1015 3730 1037 3783 S
1060 3731 1064 3801 Ι
1090 3728 1155 3783 ὅσον
1178 3730 1219 3796 Χ,
1249 3727 1321 3782 δοων
1344 3729 1366 3783 S

356 3806 390 3853 23
410 3797 693 3867 τεσσαρακαιδεκάτης
711 3800 733 3854 S
802 3807 836 3855 ‘24
855 3802 977 3869 κείύφου
996 3800 1052 3855 XS
