3074 4598
255 470 308 525 XII
676 464 885 522 PRAEFATIO

253 638 405 716 positione
427 631 489 699 non
511 637 575 696 iarn
597 633 758 695 secundum
780 635 915 714 singulas
936 635 1051 696 litteras
1069 636 1158 709 facta,
1179 640 1271 701 immo

253 732 289 788 ut
311 738 359 789 res
381 728 499 788 ferebat
520 726 566 784 ita
588 723 742 800 instituta,
773 728 809 784 ut
834 724 946 803 singuli
972 743 1003 784 se
1025 725 1272 806 subsequerentur

252 819 403 878 tractatus
426 818 481 876 aut
505 813 609 874 eodem
632 812 748 889 ordine,
775 835 835 893 quo
857 815 891 873 in
914 833 948 874 eo
970 817 1089 875 auctore
1112 837 1200 894 quem
1222 840 1270 880 ex·

251 907 374 983 scripsit
395 903 552 976 librarius,
580 900 755 978 extiterant,
782 907 836 963 aut
863 903 1088 980 disponerentur
1110 907 1269 969 secundum

251 1015 297 1072 ea,
321 1013 397 1073 quae
420 990 596 1052 uocabant
618 995 802 1068 argumenta.
849 995 941 1069 atque
962 994 1129 1071 argumenti
1150 997 1270 1072 quidem

252 1081 450 1144 similitudine
477 1080 593 1140 factum
624 1098 687 1140 esse
714 1082 899 1157 putaverim,
930 1083 964 1140 ut
988 1085 1057 1159 post
1084 1083 1217 1145 litteram
1239 1089 1269 1162 ἆ,

251 1173 336 1233 ouius
362 1170 481 1248 potiore
510 1171 599 1245 parte
628 1173 769 1249 ageretur
793 1168 861 1252 ττερλ
893 1167 1078 1251 ἀγαλμάτων,
1108 1177 1269 1250 poneretur

249 1262 400 1322 uectatus
414 1256 482 1341 περὶ
501 1260 623 1335 στηλῶν.
650 1277 747 1336 neque
765 1279 836 1322 vero
855 1280 924 1321 cum
942 1279 985 1336 oo,
1001 1260 1030 1320 lu
1045 1280 1069 1320 e.
1088 1281 1155 1322 cum
1173 1265 1267 1325 altero

251 1349 362 1411 codicis
389 1349 417 1408 n
441 1347 555 1425 capite,
591 1345 754 1409 Laurentio
787 1349 953 1427 quidquam
983 1353 1040 1408 est:
1079 1349 1157 1412 illud
1175 1354 1263 1430 enim

249 1439 410 1518 oriundum
434 1457 498 1498 esse
517 1456 534 1496 e
556 1435 632 1498 libro
651 1439 740 1514 quem
756 1442 868 1501 uocant
886 1437 1085 1520 Παραστάσεις
1103 1440 1267 1520 συντόμους

249 1528 389 1610 χρονικολς
412 1527 582 1588 luculenter
599 1525 815 1588 demonstravit
834 1527 1004 1590 Theodorus
1021 1527 1134 1605 Preger
1149 1531 1181 1588 in
1198 1550 1265 1606 pro·

247 1613 1264 1696 grammategymnasiiMaximilianeildonacensisa189dp.28sqq.

249 1703 404 1785 (Beitrtge
427 1725 481 1765 zur
504 1703 748 1782 Textgesohichte
771 1705 824 1765 der
847 1704 964 1786 Πάτρια
982 1705 1266 1767 Κανσταντινονττό-

247 1791 342 1874 λεως).
375 1813 411 1854 ex
428 1813 489 1855 uno
508 1795 611 1854 autem
629 1793 792 1873 eodemque
810 1797 933 1856 auctore
950 1794 1074 1855 deducta
1093 1798 1170 1870 sunt,
1188 1816 1264 1873 quae

247 1884 281 1962 in
304 1884 403 1961 capite
426 1886 511 1945 sexto
532 1882 642 1945 codicis
655 1883 684 1943 R
700 1883 851 1963 leguntur,
874 1884 955 1962 quod
972 1904 990 1944 a
1006 1884 1128 1946 librario
1147 1905 1163 1946 e
1182 1886 1264 1946 scho-

246 1973 297 2033 liis
320 1971 359 2033 ad
381 1971 523 2049 Dionysii
546 1972 720 2054 Periegetae
744 1977 774 2035 et
791 1974 882 2035 Arati
906 1993 995 2052 opera
1016 1974 1172 2053 adscriptis
1195 1994 1263 2036 con·

246 2064 348 2124 sutum
367 2080 430 2123 esse
445 2061 551 2123 statim
563 2061 641 2124 vidit
653 2063 693 2124 M.
709 2063 795 2141 Trou,
815 2084 910 2142 quare
923 2064 999 2124 illud
1012 2083 1139 2142 quoque,
1158 2068 1262 2142 utpote

246 2151 328 2230 quod
356 2151 394 2212 ad
417 2151 618 2214 Laurentium
644 2172 704 2214 non
731 2153 895 2230 pertineat,
923 2154 1077 2232 neglegere
1098 2172 1261 2231 possumus.

312 2239 499 2302 Accedamus
516 2241 581 2302 iam
598 2241 637 2301 ad
654 2244 798 2320 quartum
819 2242 900 2319 quod
923 2242 1043 2302 distinxi
1060 2245 1161 2320 caput,
1182 2241 1262 2319 quod

245 2349 265 2390 a
287 2328 379 2391 titulo
405 2327 473 2412 περὶ
501 2329 716 2404 οἰωνοσκοπίας
748 2339 807 2391 τῶν
842 2328 988 2410 Οὐάρναν
1017 2329 1147 2405 incipere
1178 2330 1260 2390 iussi.

244 2437 429 2497 quamquam
444 2420 524 2480 enim
536 2420 569 2479 in
578 2419 748 2481 Varnorum
761 2437 858 2480 mores
872 2417 978 2478 incidit
990 2421 1094 2479 auctor
1107 2418 1168 2477 iam
1179 2419 1212 2478 in
1224 2438 1261 2479 ea

244 2526 323 2585 quae
354 2509 521 2585 praecedit
540 2508 730 2587 paragrapho
762 2505 830 2587 ττερλ
859 2506 993 2588 Βριττίας
1019 2505 1129 2585 νήσου,
1159 2511 1261 2567 tamen

244 2597 415 2674 argumenti
448 2597 643 2657 similitudine
677 2596 829 2672 docemur,
865 2595 1032 2655 Varnorum
1063 2595 1190 2674 augin-ia
1221 2596 1260 2656 ad

243 2684 403 2761 sequentia
424 2686 527 2763 potius
549 2684 695 2746 trahenda
722 2703 798 2759 esse,
828 2683 861 2743 in
888 2683 995 2760 quibus
1022 2701 1058 2742 ea
1084 2703 1161 2761 quae
1182 2688 1260 2745 trao-

243 2776 327 2833 tatur
349 2774 477 2834 materia
505 2772 562 2833 sibi
590 2775 720 2834 constatz
748 2775 850 2852 agitur
875 2771 987 2832 scilieet
1008 2771 1044 2830 de
1067 2771 1258 2849 divinuffione,

244 2860 394 2939 quomodo
417 2862 472 2921 fiat
495 2861 576 2938 apud
598 2862 732 2939 singulos
754 2861 890 2938 populos,
920 2864 950 2921 et
971 2860 1007 2919 de
1030 2861 1164 2938 ostentis,
1186 2881 1259 2939 qua·

242 2968 313 3008 nam
344 2949 376 3009 vi
407 2948 521 3009 fuerint
547 2949 580 3008 in
610 2949 682 3009 fatis
709 2949 927 3026 imperatorum
953 2951 983 3008 et
1007 2968 1184 3028 magnorum
1212 2970 1257 3009 re·

235 3055 371 3116 ‘gnorum
389 3037 602 3098 conditoribus.
644 3041 709 3097 arte
728 3042 830 3099 autem
847 3038 929 3098 inter
951 3057 981 3099 se
999 3038 1171 3100 coniunctas
1194 3057 1257 3099 esse

241 3125 377 3204 singulus
399 3129 503 3204 partes
531 3125 752 3187 demonstratur
779 3127 826 3188 his
854 3127 941 3188 locis:
971 3147 1000 3205 p.
1024 3129 1106 3204 26,3
1129 3126 1202 3189 κατὰ
1224 3126 1257 3189 τὸ

242 3213 426 3294 μάντευμα
448 3263 455 3277 .
481 3259 488 3274 .
510 3213 709 3294 τετελευτήκει.
733 3248 775 3259 -
802 3237 831 3294 p.
857 3216 939 3292 26,5
962 3213 1027 3297 ττερλ
1048 3216 1256 3296 Κάλχαντος

240 3309 296 3363 τοῦ
327 3294 400 3384 παρ’
418 3296 546 3388 Ὁμήρῳ.
591 3303 805 3384 μνησθήσομαι
836 3300 869 3365 δὲ
900 3302 951 3365 καλ
980 3301 1077 3385 ἑτέρον
1107 3305 1264 3384 μαντεύὠ

241 3412 357 3469 ματος.
382 3423 425 3435 -
447 3412 477 3470 p.
502 3394 584 3468 28,4
607 3391 675 3473 napi
697 3393 820 3472 σημεῖον
843 3390 894 3453 καλ
920 3389 1035 3474 τέρατος
1062 3385 1256 3475 (explanatur

242 3477 455 3542 Calchantis
480 3473 664 3564 augurium).
685 3513 727 3524 -
745 3502 774 3560 p.
798 3483 903 3558 28,ss
928 3480 1137 3560 μνησθήσομαι
1160 3479 1192 3544 δὲ
1214 3481 1256 3544 ἔτι

240 3576 295 3628 τοῦ
323 3565 356 3629 ἐν
386 3574 427 3654 τῷ
450 3567 571 3654 πέμπτῳ
603 3568 691 3655 λόγῳ
724 3570 900 3651 Προκοττίον
932 3568 1179 3649 μαντεύματος.
1211 3605 1253 3614 -

239 3676 270 3734 p.
300 3658 378 3725 29,1
412 3667 466 3719 τοῦ
504 3656 596 3720 αὐτοῦ
632 3657 738 3738 λόγον
774 3657 841 3741 περὶ
876 3657 1104 3739 παρατηρήσεως
1139 3658 1254 3733 εἰκόνος

239 3736 408 3826 (ostentum
440 3739 616 3830 quoddam).
650 3778 688 3790 -
722 3768 752 3823 p.
781 3750 832 3823 29,
845 3750 886 3807 14
916 3745 982 3829 τερλ
1008 3748 1102 3808 Γαῖον
1128 3740 1253 3811 Ἰουλίου

229 3832 397 3914 ’Καίσαρος
445 3834 574 3915 ὅμοιον
597 3839 654 3897 κτλ.
685 3828 798 3919 (simile
830 3833 1002 3916 ostentum).
1047 3841 1186 3898 secuntur
1217 3857 1254 3899 ea
