3074 4598
467 485 577 543 LIBER
595 483 772 551 QUARTUS.
798 482 989 540 AUGUSTUS
1169 487 1232 553 153

221 651 418 741 προέὑωκαν
439 650 666 731 ὑπνώσαντες,
695 647 728 712 ολ
752 643 790 713 δέ
810 656 908 732 χῆνες
931 647 1143 734 ἐγρηγορότες
1165 642 1232 714 dud·
1245 658 1273 714 Y

223 777 343 826 σωσαν.
384 758 417 823 ολ
440 754 481 822 dd
500 769 614 837 φασιν,
638 750 690 816 ὅτι
713 759 811 818 τοῦτο
830 753 977 838 ἐποίουν,
1000 753 1116 837 ἵναμή
1136 753 1231 840 ὀχλη-

222 862 277 951 ροὶ
299 877 370 942 τοῖς
392 869 531 928 νοσοῦσι
553 857 675 934 νυκτὸς
697 859 869 940 γίνωνται·
892 861 925 927 οἱ
947 859 995 944 δέ,
1017 860 1073 926 ίνα
1092 860 1137 946 μή
1155 867 1231 927 λυτ-

221 982 342 1048 τῶντες
368 968 448 1044 τοὺς
474 963 679 1049 ἀνθρώπους
705 963 886 1047 βλάπτωσι·
917 975 1096 1052 τηνικαῦτα
1120 951 1184 1053 γὰρ
1211 967 1230 1036 ὑ

221 1080 344 1163 σείριος
376 1068 562 1155 ἀνατέλλει,
600 1068 638 1148 ὃς
669 1066 726 1135 καὶ
758 1069 848 1135 δοκεῖ
878 1081 936 1157 τῆς
967 1075 1085 1158 λύττης
1117 1073 1230 1152 αὐτοῖς
1256 1099 1272 1149 ,τ

220 1189 327 1257 αίτιος
349 1173 444 1244 εἶναι.

167 1297 292 1354 deesth
316 1283 388 1350 115⁷.
403 1282 474 1350 ’Ότι
487 1282 632 1374 πολὺξέυ
649 1291 696 1373 τῷ
710 1282 809 1369 βάθει
826 1292 884 1368 τῆς
902 1292 961 1368 γῆς
980 1285 1176 1354 ε’πινοοτοῦν
1193 1289 1231 1356 τὸ
1246 1297 1265 1353 S

220 1393 396 1474 κατάγειον
409 1401 477 1478 πῦρ
492 1393 554 1477 τήν
565 1391 738 1477 πιμελὺδη
755 1387 886 1476 νίμεται
899 1390 1074 1475 <οὑσίαν>·
1094 1394 1176 1480 αὕτη
1195 1395 1226 1461 δ’

220 1495 289 1564 ἐστὶ
304 1500 487 1585 στυπτηρία
501 1497 522 1582 ή
535 1505 647 1565 θεῖον·
665 1497 686 1581 ή
705 1497 769 1582 γάρ
787 1498 953 1583 ἄσφαλτος
974 1498 1175 1583 κεκαυμένον
1193 1500 1231 1567 ἐν

220 1614 262 1693 γή
276 1601 332 1671 καὶ
349 1603 680 1690 ἐναποσβεννύμενον
697 1604 794 1670 θεῖόν
808 1601 889 1669 ἐστι·
908 1603 1028 1670 τούτου
1041 1607 1104 1692 γάρ
1117 1607 1155 1673 τὸ
1168 1603 1230 1692 μὲν
1243 1633 1274 1673 ιο

220 1709 268 1778 ἐνί
297 1711 415 1795 ὀλίγου
446 1708 598 1796 όιακαέν,
630 1711 688 1777 άτε
714 1720 910 1797 παραχρῆμα
938 1712 1229 1800 ὃιασβεννόμενον,

218 1815 403 1905 ὑγροτέραν
420 1841 456 1884 τε
473 1816 527 1883 καὶ
545 1814 831 1904 πιμελοόεστέραν
849 1817 1016 1904 ἐργάζεται
1030 1819 1090 1903 τήν
1104 1820 1229 1906 άσφαλ-

217 1947 291 2009 τον,
324 1925 379 1990 οία
407 1926 449 1990 τά
480 1921 550 1989 κατ’
571 1929 703 2009 Λίτνην
733 1921 788 1988 καὶ
815 1925 898 1990 κατὰ
930 1926 991 2009 τήν
1019 1924 1056 1991 ἐν
1082 1923 1229 2014 Ἰουόαίηι

217 2033 339 2116 λίμνην
361 2030 562 2115 ἐπινήχεται·
589 2025 728 2095 διακαέν
754 2025 792 2095 δὲ
814 2031 1040 2117 σφοδρότερον
1062 2037 1227 2122 λιθοῦπαι,

217 2129 288 2216 οἷός
310 2136 402 2204 ἐστιν
424 2136 442 2204 ὁ
465 2136 611 2221 γαγάτης
631 2139 732 2213 λίθος
753 2133 771 2201 ὑ
794 2134 870 2221 περὶ
892 2139 1085 2221 Βαβυλῶνα
1128 2138 1227 2222 ήνίκα
1241 2163 1269 2205 ιε

215 2234 302 2328 γοῦν
314 2246 352 2312 τὸ
367 2244 579 2311 ὑπονοστοῦν
596 2243 677 2320 τοὺς
693 2240 930 2327 ὑποκειμένους
948 2240 1078 2329 νέμεται
1094 2245 1226 2330 τόπους,

216 2348 317 2418 οὐδὲν
339 2352 421 2438 ἡμῖν
442 2351 552 2427 πάθος
575 2348 779 2416 ἐπιδείκνυσι
797 2355 870 2431 γῆς·
893 2346 1016 2415 ὁπόταν
1034 2345 1071 2414 δὲ
1089 2348 1226 2436 ἐργασά-

214 2481 318 2542 μενον
329 2458 440 2525 πολὺν
454 2455 635 2543 ἐξαραιώση
649 2458 763 2538 τόπου,
781 2463 959 2539 τηνικαῦτα
971 2457 1175 2541 θλιβόμενον
1187 2455 1226 2522 ἐν

214 2575 285 2641 τοῖς
297 2564 478 2650 κοιλώμασι
492 2559 547 2628 καὶ
566 2561 794 2647 σηραγγώὺεσι
811 2563 935 2645 τόποις,
953 2562 983 2627 εί
1000 2558 1061 2646 μὲν
1078 2560 1225 2649 ἐπιτύχοι

213 2671 426 2758 διεκόρομής,
451 2665 553 2736 οὐδὲν
573 2666 678 2735 πλέον
700 2670 850 2754 βρασμοῦ
872 2676 933 2752 γῆς
957 2666 1012 2734 καλ
1034 2670 1222 2755 μυκήματος
1235 2695 1265 2736 ιο

214 2775 382 2863 ἐργάζεται
405 2786 554 2862 σημεῖον·
582 2775 612 2841 εἰ
635 2772 666 2840 d'
690 2768 732 2839 αὑ
758 2774 850 2858 μένει
876 2776 1130 2860 σωματούμενον
1151 2779 1224 2862 ήτοι

212 2932 288 2949 ....
305 2884 544 2970 ὑπερκείμενον
561 2882 640 2968 όρος
657 2881 679 2966 ή
697 2889 762 2966 γῆν
778 2879 798 2966 ἢ
816 2883 1001 2967 θάλασσαν,
1015 2884 1092 2969 όρος
1105 2879 1167 2968 μὲν
1179 2884 1224 2962 ὡς

212 2992 250 3057 τὸ
270 2989 308 3057 ἐν
315 2989 440 3076 Ἰταλίᾳ
452 2986 596 3074 Βέσβιον
610 2985 667 3053 καὶ
680 2987 739 3072 <τὸ
759 2985 815 3071 ἐν>
829 2989 994 3075 Λιπάραις
1006 2987 1061 3055 καὶ
1074 2991 1111 3056 τὸ
1124 2990 1224 3077 ὑπερ-

211 3100 366 3181 κείμενον
386 3104 444 3180 τής
460 3097 662 3167 Καταναίων
680 3096 807 3171 πόλεως
824 3092 861 3158 ἐν
879 3097 1027 3182 Σικελίην,
1049 3098 1223 3163 θάλασσαν

212 3197 250 3268 δὲ
283 3203 328 3286 ἣν
358 3204 542 3278 Παναίτιος
574 3197 696 3284 μεταξὺ
729 3201 881 3285 Λιπάρας
910 3200 965 3267 καλ
996 3210 1053 3287 τῆς
1079 3201 1219 3281 Ἰταλίας
1232 3227 1260 3269 ιε

213 3308 347 3394 ἱστορεῖ,
369 3314 434 3391 γῆν
457 3301 494 3371 δὲ
517 3305 571 3371 οία
593 3306 750 3390 τυγχάνει
772 3307 860 3390 παρά
882 3305 943 3390 τήν
965 3305 1002 3371 ἐν
1020 3311 1129 3394 Λυκίᾳ
1145 3309 1221 3374 Κώ-

211 3438 325 3499 ρυκου.
371 3412 412 3478 οὐ
441 3414 546 3497 μόνον
576 3408 613 3477 δὲ
641 3407 890 3497 ἀναρρήγνυσιν
916 3413 983 3498 όρη
1003 3436 1038 3479 τε
1063 3410 1119 3479 καὶ
1146 3424 1220 3500 γῆν,

211 3517 372 3586 ἀλλὰκαὶ
399 3518 610 3602 <θαλάσσης>
638 3517 880 3618 ἀναφυσήματα
904 3528 1007 3604 ποιεῖ,
1034 3519 1143 3607 ὥσπερ
1166 3520 1219 3605 γέ-

281 3677 307 3714 v.
323 3664 338 3712 ’λ
356 3658 552 3713 ὑπουοστοῦνλ
567 3655 602 3711 cf.
616 3674 641 3712 v,
658 3662 692 3711 16
749 3653 926 3730 8<οόσίαν>
941 3656 1038 3712 addidi
1091 3664 1125 3712 22
1142 3658 1220 3714 lacu·

209 3746 278 3800 num-
294 3727 427 3796 indicuvi‚
450 3743 536 3797 quum
552 3727 644 3782 verbis
663 3723 860 3800 (θλιβόμενον,
880 3726 1020 3797 διάπυρον
1037 3727 1219 3800 ἀπεργάζεται

209 3800 264 3874 vd>
283 3799 395 3871 explere
413 3798 509 3854 studet
523 3799 549 3854 S.
564 3797 695 3854 Sudhaus
748 3803 781 3853 23
801 3798 853 3873 (τὸ
866 3797 918 3872 ἐν)
937 3799 1035 3856 addidi
1089 3805 1123 3855 28
1142 3802 1218 3877 (θα-

209 3870 332 3946 λάσσης)
352 3869 464 3926 addidit
481 3869 611 3925 Sudhaus
965 3901 968 3908 ·
1212 3904 1214 3915 .
