3074 4598
406 1464 456 1531 ‘H
484 1464 642 1555 (Ἰωάννου
674 1468 861 1547 Λαυρεντίαν
895 1462 1103 1545 cancerosa
1143 1476 1195 1529 τοῦ
1230 1463 1353 1553 Λυδοῦ)

343 1558 410 1641 περὶ
437 1568 541 1640 μηνῶν
569 1550 794 1642 (πραγματεία),
825 1555 853 1617 εἰ
876 1553 926 1615 καὶ
953 1554 1030 1616 πολὺ
1061 1554 1093 1617 τὸ
1119 1553 1261 1639 ἄχρηστον
1289 1555 1353 1638 ἔχει,

342 1642 409 1710 ἀλλ’
431 1640 486 1711 οὖν
517 1648 593 1730 πρὸς
623 1645 680 1726 τὴν
710 1655 763 1726 τῆς
794 1641 982 1728 ἀρχαιότητος
1014 1644 1146 1724 μάθησιν
1179 1643 1295 1728 ἕπίχαρί
1323 1669 1355 1709 τε

342 1737 392 1800 ool
414 1738 481 1800 λίαν
502 1737 652 1819 petora:
679 1737 722 1796 sic
749 1735 821 1796 olim
844 1735 879 1794 de
900 1734 991 1810 libro,
1019 1753 1107 1812 quem
1127 1735 1253 1796 Ioannes
1274 1735 1354 1796 Lau·

342 1827 457 1887 rentius
479 1826 582 1902 Lydus
609 1825 785 1902 conscripsit
811 1824 847 1883 de
873 1823 1039 1898 mensibus,
1066 1823 1208 1886 iudicavit
1228 1824 1353 1886 Photius

342 1914 514 1992 patriarcha
541 1908 627 1995 (bibl
657 1915 719 1973 cod.
744 1913 838 1990 180),
872 1913 953 1972 cuius
982 1912 1093 1973 iudicio
1122 1914 1207 1975 hodie
1234 1933 1352 1992 qnoque

342 2001 480 2063 assentiri
507 2020 674 2078 possumus.
721 2001 856 2078 quemvis
887 2001 965 2060 enim
995 2001 1091 2062 altera
1121 2024 1155 2063 ex
1183 2006 1269 2080 parte
1298 2023 1352 2063 nu·

341 2110 449 2171 garum
481 2091 678 2166 mysticarum
710 2088 887 2163 multitudo,
922 2089 1022 2166 qualis
1057 2089 1095 2149 ab
1129 2092 1239 2151 Ioanne
1274 2090 1352 2150 Lau·

340 2179 437 2240 rentio
465 2178 631 2256 profertur,
661 2177 752 2257 digna
780 2177 832 2237 vix
859 2176 997 2238 videatur
1024 2197 1100 2253 esse,
1129 2199 1204 2257 quae
1226 2179 1351 2256 posteris

340 2267 488 2343 tradatur,
509 2270 613 2327 tamen
636 2286 672 2327 ex
695 2267 790 2326 altera
813 2268 891 2326 certe
914 2285 1022 2343 operae
1046 2269 1091 2326 est
1107 2268 1234 2344 pretium
1251 2267 1353 2328 multi·

341 2356 450 2417 fariam
467 2356 552 2416 illam
570 2355 745 2430 doctrinam,
769 2374 829 2432 qua
846 2354 986 2431 Byzantii
1004 2355 1152 2433 quondam
1170 2356 1353 2417 excellebant

341 2445 407 2521 viri,
430 2446 484 2521 qui
507 2445 588 2505 docti
611 2443 811 2519 habebantur,
835 2443 952 2520 plenius
975 2462 1148 2523 cognoscere
1170 2449 1212 2522 et,
1236 2464 1297 2523 qua
1319 2445 1352 2504 in

339 2553 372 2593 re
405 2552 521 2593 summa
553 2533 630 2609 eius,
667 2551 744 2608 quae
775 2531 939 2593 Laurentio
975 2532 1102 2593 attribui
1136 2534 1223 2611 solet,
1254 2533 1351 2594 laudis

340 2620 440 2699 posite
463 2624 520 2698 est,
544 2621 648 2699 ipsum
670 2624 787 2681 secutos
806 2620 845 2680 ad
867 2620 963 2681 fontes
987 2621 1174 2699 adscendere,
1201 2643 1217 2683 e
1241 2622 1350 2700 quibus

340 2709 497 2770 scientiam
519 2729 606 2771 suam
628 2710 769 2771 hauserit.
812 2729 879 2769 cum
896 2728 967 2771 vero
990 2711 1112 2770 illorum
1132 2711 1261 2772 fontium
1282 2729 1350 2772 con·

340 2799 418 2859 dicio
442 2818 478 2858 ea
504 2799 556 2876 sit,
584 2802 621 2859 ut
651 2803 788 2860 auctores
819 2798 989 2859 adhibuerit
1010 2798 1112 2876 Lydus
1140 2802 1205 2879 ipso
1236 2819 1363 2878 semper·

340 2888 402 2947 fere
424 2888 570 2966 meliores,
594 2889 649 2965 qui
671 2892 841 2966 temporum
863 2887 1025 2966 iniquitate
1052 2887 1135 2950 nobis
1157 2890 1268 2950 servati
1289 2908 1351 2950 non

338 2979 462 3036 sunt-
476 2978 622 3054 imprimis
647 2996 696 3038 eos
719 2977 793 3051 dico,
816 2977 870 3053 qui
892 2977 1075 3055 scripserunt
1096 2977 1352 3038 cenomanorum

339 3065 575 3141 antiquitatibus
599 3099 652 3142 -‚
680 3067 717 3126 ob
740 3065 795 3125 hoc
817 3065 918 3142 ipsum
944 3069 1081 3125 veterum
1107 3069 1262 3127 auctorum
1287 3069 1351 3126 stu·

338 3153 423 3211 dium
444 3153 566 3214 minime
589 3154 808 3232 neglegendum
831 3171 893 3212 esse
915 3153 1028 3213 librum
1044 3153 1130 3213 illum
1147 3155 1182 3214 de
1200 3154 1349 3216 mensibus

338 3243 432 3317 patet.
477 3242 552 3318 quin
582 3242 676 3302 etiam
705 3240 829 3301 eandem
858 3240 895 3300 ob
923 3260 1046 3302 oausam
1067 3243 1151 3302 valde
1179 3243 1278 3303 dolere
1300 3243 1349 3303 de·

338 3329 451 3404 bemus,
475 3330 557 3406 quod
578 3350 640 3390 non
658 3331 809 3409 integrum
827 3347 902 3407 opus
920 3327 986 3410 περὶ
1005 3337 1109 3408 μηνῶν
1126 3333 1255 3392 aetatem
1268 3332 1349 3409 tulit,

338 3418 391 3478 sed
413 3421 602 3478 contractum
629 3421 661 3478 et
683 3420 854 3494 excerptum
884 3419 922 3478 ad
951 3437 1005 3478 nos
1035 3420 1179 3497 pervenit,
1209 3419 1349 3498 quodque

329 3507 392 3584 qui
411 3506 557 3583 epitomas
575 3508 646 3567 illas
660 3507 717 3567 sibi
730 3507 866 3567 fecerunt
878 3506 936 3566 viri
953 3507 1033 3567 docti
1047 3527 1106 3567 non
1118 3512 1180 3569 tam
1193 3509 1350 3568 historiam

338 3595 510 3664 litterarum
536 3600 567 3656 et
596 3596 812 3673 antiquitatem
842 3615 909 3656 cum
938 3615 1076 3674 graecam
1104 3600 1169 3657 tum
1195 3616 1350 3658 romanam

338 3688 540 3762 respexerunt,
565 3705 658 3763 quam
681 3684 874 3761 astrologiam
897 3688 927 3744 et
948 3684 1205 3763 Pythagoreorum
1225 3687 1349 3746 recenti·

340 3792 427 3833 orum
444 3773 728 3851 Platonicorumque
751 3773 864 3850 placita
890 3774 1024 3849 mystica.
1067 3778 1155 3852 atque
1181 3775 1258 3834 talia
1279 3775 1350 3834 libri

337 3860 534 3922 Laurentiani
567 3863 738 3943 fragmenta
768 3881 784 3922 e
817 3863 969 3923 nonnullis
1003 3862 1151 3924 codicibus
1182 3882 1257 3941 quos
1287 3864 1350 3925 fors
