3074 4598
650 547 856 606 PRAEFATIO
1141 548 1268 606 LXXVII

249 733 337 786 τοῦτο
367 719 396 794 ἕξ
424 719 519 793 αἰτίας
548 716 676 779 τοιᾶσδε·
706 713 818 795 συνέβη
847 713 916 778 ποτὲ
945 726 981 802 τῆ
1004 711 1155 793 Ῥωμαίων
1182 715 1265 777 πόλει

253 810 337 890 λιμὸς
359 807 501 888 σφοδρός·
527 804 704 887 ηὑρίσκοντο
726 806 767 887 τῷ
789 802 853 865 τότε
875 801 998 883 ἀδελφοί
1021 803 1155 864 πλούσιοι
1177 809 1267 886 τρεῖς,

253 897 423 976 Κάίανδος,
451 899 559 968 Νῶνος
581 891 632 954 καί
654 890 746 964 Είδδς
768 882 955 970 καλούμενοι·
984 885 1065 955 οὗτοι
1093 885 1265 979 ῆρετίσαντο

253 987 285 1050 ἐκ
306 994 366 1046 τῶν
389 985 505 1047 οἰκείων
533 979 698 1061 διαθρέψαι
723 979 779 1058 τῆν
806 978 892 1042 πόλιν
914 981 965 1043 καί
988 980 1004 1044 δ
1032 979 1085 1062 μὲν
1107 980 1266 1054 Κάλανδος

254 1089 434 1172 διεθρὲψατο
455 1088 567 1167 ταύτην
594 1085 704 1168 ἡμέρας
730 1067 772 1166 ηδ,
800 1083 816 1147 ὅ
844 1082 875 1146 δὲ
898 1089 1007 1163 Νῶνος
1029 1086 1139 1170 ἡμέρας
1161 1105 1187 1169 ῑ,
1216 1087 1269 1162 τὰς

254 1179 285 1242 δὲ
309 1178 415 1260 ἐφεξῆς
439 1176 578 1251 δΕίδός·
601 1178 707 1240 τούτου
730 1172 762 1236 δὲ
785 1173 939 1257 γεγονότος
956 1174 1113 1263 ἐξῃτήσατο
1135 1174 1151 1239 ὁ
1170 1178 1266 1258 δῆμος

253 1276 418 1350 τιμηθῆναι
440 1268 510 1342 τοὺς
537 1264 650 1351 ἄνδρας
671 1275 723 1346 τῆς
749 1264 792 1338 είς
814 1263 922 1338 αὐτοὺς
948 1262 1033 1325 ἕνεκα
1055 1267 1193 1347 χορηγίας
1216 1264 1266 1327 καί

254 1361 428 1440 διατροφῆς·
459 1358 509 1419 ἵνα
539 1348 594 1418 οὖν
623 1357 666 1431 είς
693 1353 782 1432 τιμὴν
812 1352 909 1415 αὐτῶν
940 1345 1012 1414 ὦσιν
1042 1353 1202 1434 ἀείμνηστα
1232 1355 1268 1416 τὰ

256 1445 386 1526 ὀνόματα
408 1447 517 1525 αὐτῶν,
540 1445 645 1508 ἔθεντο
667 1452 756 1505 ταῦτα
779 1440 948 1522 ἐπωνυμίας
969 1447 1034 1515 ταῖς
1057 1439 1177 1522 ῆμίραις
1201 1443 1266 1506 ἐκοί-

254 1556 324 1598 στου
348 1536 449 1617 μηνός.
496 1531 647 1621 (sequitur
673 1534 859 1612 singulorum
880 1533 1027 1592 mensium
1049 1532 1165 1592 dierum
1188 1553 1266 1595 com·
1364 1538 1367 1545 '

253 1630 354 1705 putus,
384 1628 525 1706 exemplis
555 1645 571 1685 e
598 1623 833 1702 Byzantinorum
860 1621 925 1681 vita
952 1622 1056 1699 petitis
1085 1621 1268 1682 illustratusz

254 1714 379 1795 ἐξῆλθες
406 1717 495 1796 τυχὸν
523 1712 582 1775 &nd
612 1723 665 1794 τῆς
690 1711 919 1773 Κωνσταντίνου
948 1709 1060 1786 πόλεως
1088 1719 1125 1796 τῆ
1155 1707 1187 1770 α’
1215 1719 1268 1772 τοῦ

250 1798 403 1887 Ἀπριλίου
426 1798 488 1888 al.).

320 1894 440 1969 Restat,
467 1896 503 1953 ut
526 1891 624 1953 dicam
647 1891 682 1951 de
706 1890 815 1951 ultima
842 1890 1043 1968 paragrapho,
1072 1910 1162 1968 quam
1190 1892 1266 1951 libro

254 1983 291 2042 de
319 1981 544 2060 magistratibus
567 1981 675 2040 tribuit
701 1978 731 2039 C.
754 1980 789 2039 B.
812 1978 923 2039 Hosius
951 1998 1055 2040 comm
1082 1999 1111 2056 p.
1129 1980 1266 2057 XLVIII,

254 2071 291 2130 de
304 2069 462 2130 >mensibus
485 2087 556 2128 vero
578 2068 602 2127 I.
625 2069 657 2128 F.
682 2066 859 2143 Schultzius,
887 2067 1095 2144 quaestionum
1116 2068 1266 2145 Lydiana·

253 2178 362 2220 narum
383 2178 412 2235 p.
431 2159 460 2215 4.
507 2174 561 2235 ego
585 2156 706 2233 quidem
727 2154 895 2230 Lydianam
916 2155 1000 2214 iliam
1024 2175 1084 2215 non
1105 2175 1168 2216 esse
1186 2157 1267 2216 haud

255 2246 466 2324 contenderim,
494 2245 545 2306 sed
568 2244 711 2322 quoniam
732 2242 766 2302 in
787 2243 878 2303 titulo
900 2243 1025 2322 legitur:
1054 2241 1086 2303 ἐκ
1107 2252 1166 2304 τῶν
1189 2245 1266 2305 ίστο-

254 2340 342 2417 proin,
356 2336 457 2412 potius
475 2334 618 2395 historiae
637 2331 807 2411 deperditae
824 2332 955 2392 tribuam
971 2332 1052 2410 belii,
1077 2332 1158 2410 quod
1175 2333 1266 2394 Iusti-

252 2425 361 2486 nianus
384 2443 452 2484 cum
472 2423 571 2484 Persis
598 2423 690 2502 gessit
716 2421 855 2498 quodque
878 2421 915 2481 ab
939 2424 1059 2481 auctore
1086 2424 1187 2483 nostro
1211 2423 1266 2482 sci·

254 2533 321 2574 mus
344 2531 407 2573 esse
430 2513 613 2573 celebratum
635 2504 736 2593 (Hasii
758 2529 862 2571 comm.
880 2530 909 2586 p.
927 2508 992 2590 XI).
1029 2510 1132 2570 eodem
1155 2514 1266 2586 autem,

255 2603 399 2680 quoniam
421 2602 483 2662 eius
506 2600 612 2661 incidit
633 2598 753 2674 mentio,
777 2599 905 2658 alterurn
928 2618 1045 2676 quoque
1063 2599 1266 2677 fragmentum

254 2690 392 2770 relegam,
420 2690 501 2767 quod
523 2689 561 2749 ad
587 2690 666 2749 hune
692 2688 772 2747 diem
799 2707 818 2747 a
844 2687 915 2747 viris
943 2687 1038 2748 doctis
1061 2688 1265 2750 videturesse

253 2781 430 2858 neglectum.
483 2781 565 2839 extat
594 2780 695 2837 autem
723 2776 755 2836 in
788 2776 931 2856 glossario
962 2776 1143 2856 Seguerianc
1174 2779 1265 2840 tertio

254 2866 321 2948 περὶ
344 2867 507 2941 συντάξεως
530 2860 662 2950 (Betker
683 2866 794 2927 Anecd.
817 2864 895 2946 gr.1
916 2885 945 2943 p.
966 2858 1046 2947 170)
1069 2885 1091 2926 s.
1110 2886 1137 2926 v.
1156 2889 1267 2949 παρευ-

255 2957 374 3036 δοκιμῶ.
424 2955 489 3018 ἀντὶ
511 2964 564 3017 τοῦ
590 2960 769 3037 περιφρονῶ,
812 2948 953 3029 Ἰωάννου
980 2959 1033 3015 τοῦ
1056 2956 1176 3017 Anioni·
1205 2952 1267 3018 ‘noi

253 3044 493 3125 καρευδοκίμουν
516 3045 547 3106 οί
567 3043 680 3126 Πέρσαι
698 3036 868 3122 Ῥωμαίους,
898 3042 1117 3105 Οὐεσπεσιανοῦ
1141 3045 1191 3108 καὶ
1214 3050 1266 3107 τοῦ

254 3132 362 3206 παιδὸς
383 3133 474 3194 αὐτοῦ
496 3135 583 3193 Τίτου
605 3138 669 3205 ταῖς
682 3124 859 3204 Ἰουδαϊκοῖς
881 3132 986 3212 μάχαις
1003 3130 1265 3213 ἕνησχολημένεον’.

321 3220 460 3281 Collectis
490 3221 547 3281 tali
574 3220 662 3296 modo
690 3221 778 3279 etin
806 3219 939 3280 ordinem
965 3220 1093 3281 redactis
1119 3221 1157 3282 iis
1184 3214 1408 3317 quaeffidssffi

254 3308 342 3370 hodie
365 3311 523 3386 supersunt
543 3307 720 3388 fragmentis
737 3307 867 3385 Lydiaui
887 3309 922 3369 de
940 3310 1090 3370 mensibus
1108 3309 1186 3388 libri,
1211 3311 1264 3370 ali·
1271 3323 1342 3364 ruent
1350 3321 1411 3362 uero

255 3401 403 3475 quatenus
424 3399 598 3458 ristitutum
620 3397 706 3456 illum
729 3415 792 3456 esse
815 3415 910 3474 spero,
933 3398 984 3456 sed
1001 3399 1058 3458 hoc
1076 3397 1265 3476 aliquatenus

253 3489 375 3546 tantum
402 3485 468 3545 fieri
493 3485 627 3563 potuisse
654 3484 749 3563 primo
777 3485 885 3546 obtutu
912 3489 1044 3563 apparet
1090 3487 1170 3564 quod
1198 3507 1266 3548 oum

253 3575 300 3634 ita
321 3574 370 3651 sit,
393 3592 570 3651 quaeramus
592 3592 709 3635 necesse
732 3578 788 3650 est,
812 3592 956 3652 quasnam
973 3579 1074 3652 partes
1092 3576 1203 3654 integ1i
1220 3598 1265 3638 re·

255 3665 492 3740 cuperaverimus
512 3664 648 3741 opusculi
665 3681 798 3741 quasque
816 3664 851 3723 ut
868 3682 946 3722 nunc
965 3683 1083 3742 quoque
1097 3664 1266 3742 deperditas

255 3752 466 3813 desideremus:
490 3753 569 3830 quod
587 3756 622 3812 ut
644 3751 753 3812 certius
777 3753 926 3827 sciremus,
948 3751 1157 3830 inquirendum
1178 3753 1265 3815 nobis

256 3859 318 3901 esse
347 3841 417 3901 duxi
443 3841 476 3901 in
503 3843 672 3917 consilium,
704 3842 784 3917 quod
809 3841 988 3901 Laurentius
1019 3846 1136 3903 secutus
1166 3843 1207 3904 sit
1232 3843 1266 3904 in

256 3929 457 4007 componendo
481 3949 581 4009 opere,
607 3930 683 3991 illud
710 3929 790 3990 enim
816 3930 843 3990 si
869 3930 1105 4008 cognoverimus,
1133 3931 1264 3992 iudicare
