3074 4598
252 478 303 534 LX
660 480 867 539 Pnfflfflo

253 649 567 731 spioeretexemplnri
588 649 1268 730 aliquomntexrdietisnlhdichsrtis

252 739 418 818 descripto,
449 743 530 819 quod
559 742 620 818 ipsi
651 762 671 802 s
698 742 842 816 diffinio,
871 738 996 799 Amhivi
1024 739 1165 801 Vodemi
1195 748 1269 802 timo

253 831 417 906 praefecto,
443 831 656 909 perlegendum
681 832 787 891 dunum
809 833 887 890 ent:
913 827 990 887 illud
1016 848 1087 889 vero
1112 851 1174 890 uns
1200 851 1268 892 oum

252 919 354 980 oodioe
375 920 542 980 Borbetino
570 924 603 979 et
630 921 732 981 oodioe
752 922 781 981 Ε
807 916 978 980 Plnundeee
1005 918 1183 980 moensionis
1211 941 1268 998 pro

252 1007 457 1068 fundamentis
487 1007 625 1070 editionis
654 1011 769 1070 habuit
814 1008 855 1068 ud
885 1007 1013 1066 ultorum
1041 1008 1147 1068 deinde
1177 1010 1268 1070 huius

254 1097 436 1156 reoemn'onis
468 1098 612 1173 eodioem,
642 1099 813 1159 Parisinum
842 1115 982 1176 guum
1012 1097 1112 1170 3084,
1142 1098 1268 1158 lectores

252 1185 402 1263 relegavit
424 1185 457 1246 O.
479 1187 515 1247 B.
536 1187 648 1249 Hosius
674 1208 780 1248 oomm
801 1208 831 1265 p.
848 1185 1004 1260 XXXVII,
1027 1186 1110 1246 cuius
1132 1187 1267 1247 lectioni·

250 1273 308 1333 bus
329 1275 413 1334 iussu
430 1275 519 1336 Hosii
540 1279 670 1339 enotatis
692 1277 731 1337 nb
748 1278 786 1336 A
805 1274 1006 1336 Cherbuliezio
1028 1293 1083 1334 usn
1105 1279 1151 1336 est
1172 1276 1264 1336 editio

251 1361 456 1425 Boetherinnn
484 1360 543 1448 (Rr
568 1368 662 1444 pines.
688 1387 718 1444 p.
736 1359 820 1449 VII).
870 1363 977 1442 quibus
1007 1363 1122 1423 duobus
1151 1366 1267 1425 eooedit

250 1452 360 1513 tertius
382 1455 474 1515 oodex
496 1454 784 1533 Cryptoierretensis
805 1472 930 1534 graecus
952 1451 1088 1526 ΖῖδἮ,
1110 1455 1164 1530 qui
1185 1458 1264 1514 nee

250 1544 353 1602 tetum
373 1543 461 1603 illum
479 1544 516 1603 de
532 1544 598 1603 Nili
614 1545 798 1605 incremento
816 1538 884 1626 (IV,
899 1536 977 1625 107)
996 1540 1121 1615 exhibet,
1143 1549 1175 1602 et
1192 1562 1264 1619 apo-

250 1632 435 1709 graphorum
456 1633 655 1692 recentiorum
680 1652 820 1693 numerus
847 1637 977 1711 nugetur
1001 1631 1176 1708 fragmentis
1200 1632 1265 1706 qui·

250 1718 379 1780 busdam
401 1741 418 1780 e
436 1721 588 1781 anbeoii
610 1725 642 1780 et
662 1721 784 1798 Iosephi
805 1721 841 1780 de
863 1721 950 1781 Iuliis
972 1719 1085 1780 schedis
1108 1719 1264 1796 depromp-

251 1808 302 1867 tis.
348 1827 426 1884 quse
455 1809 597 1868 numito
628 1809 702 1884 sint,
735 1814 835 1870 extare
861 1842 905 1851 —
932 1809 981 1870 vel
1007 1808 1138 1869 extitisse
1164 1808 1266 1887 potius

251 1897 474 1957 rennsoentium
494 1897 664 1958 litterarum
690 1917 765 1959 sevo
788 1931 830 1941 —
853 1902 969 1976 septem
992 1898 1170 1960 reeensiouis
1191 1899 1268 1958 Bur»

250 1983 374 2045 berinae
402 1989 495 2046 testes
522 1987 672 2048 offirmare
698 2007 870 2066 possumus,
896 2007 971 2067 quos
997 1988 1163 2049 accuratius
1192 1988 1266 2047 deli·

250 2093 341 2134 neure
363 2074 427 2135 inm
448 2076 551 2136 lioeet:

146 2170 231 2213 «Μ
317 2164 347 2223 A
372 2165 483 2225 codex
503 2165 725 2226 Borberinus
751 2166 836 2226 olim
860 2169 923 2228 277
948 2199 990 2210 -—
1013 2166 1178 2227 editionum
1200 2165 1263 2227 vol-

371 2257 444 2332 gato
468 2273 565 2315 errore
589 2257 653 2315 177
676 2255 847 2316 nominatus
870 2288 913 2297 -
935 2274 1026 2315 nuno
1047 2255 1079 2314 11
1103 2259 1157 2329 15,
1180 2255 1264 2313 chur-

370 2347 473 2402 tsoeus
496 2361 519 2402 s.
536 2343 592 2402 XV
614 2343 682 2405 folii
707 2343 845 2419 minoris,
872 2344 1012 2405 foliorum
1040 2346 1096 2417 36,
1122 2343 1265 2416 eontinet,

370 2434 406 2489 ut
428 2436 533 2491 auctor
555 2435 601 2491 est
617 2432 734 2507 titulus,
756 2427 949 2492 ‘collectaneo
971 2451 1079 2511 graecu
1099 2432 1264 2491 multarum

368 2539 471 2579 rerum
488 2521 609 2598 cognitu
631 2516 894 2600 dignissimsrum',
916 2521 1023 2598 quibus
1039 2520 1137 2581 uerbis
1154 2538 1262 2580 monus

368 2608 517 2670 recentior
535 2608 673 2669 subiecit:
697 2605 744 2668 ‘ex
762 2609 849 2670 fustis
866 2610 1008 2670 Romanis
1025 2609 1166 2670 Iohannis
1183 2609 1264 2686 Lydi

369 2696 640 2774 Philadelphensis‚
671 2699 744 2757 item
770 2698 946 2775 Ephemeris
972 2701 1034 2758 sive
1061 2700 1188 2758 dianium
1214 2699 1263 2759 vel

369 2784 584 2843 Kalendas-ium
611 2806 646 2845 ex
670 2784 794 2846 claudio
817 2783 959 2861 Thusoo'3
985 2806 1069 2847 verso
1097 2792 1197 2846 nutem
1225 2805 1261 2847 eo

369 2872 453 2945 folio,
477 2873 557 2948 quod
578 2872 798 2951 proeglutinuii
819 2874 896 2933 solet
914 2875 1072 2949 odiosus,
1092 2876 1205 2954 legitur
1222 2875 1264 2933 nb

371 2960 476 3018 eedem
506 2977 581 3035 quse
610 2960 684 3020 hooc
713 2961 833 3036 son'psit
860 2979 952 3020 mnnu
982 2966 1151 3022 exaratum:
1184 2958 1262 3022 ‘Sex

374 3046 497 3108 Clodius
519 3048 613 3108 foetos
636 3067 741 3127 groeoe
760 3048 886 3126 suipsit,
910 3051 946 3109 of.
964 3050 1101 3110 Leotunt
1120 3052 1156 3111 de
1176 3052 1264 3110 fetus

370 3131 407 3195 1.'
453 3138 490 3196 do
520 3136 577 3196 hoo
607 3137 748 3197 ulteriore
778 3137 888 3199 eodiois
916 3143 1001 3216 purte
1030 3144 1062 3199 et
1091 3140 1127 3199 de
1158 3140 1264 3201 clodio

371 3225 468 3286 Tusco
491 3225 592 3285 videos
616 3244 726 3303 quaeso
751 3245 827 3303 quae
852 3226 993 3287 disseruit
1015 3227 1047 3288 0.
1064 3228 1262 3289 Wuohsmuth

370 3313 407 3372 de
441 3305 517 3373 ost'
542 3334 572 3391 p.
589 3314 668 3374 xlx
690 3314 784 3374 XLII.
813 3315 964 3393 incipiunt
992 3322 1092 3376 autem
1122 3321 1261 3395 excerpta

368 3401 536 3462 Borberins
558 3421 577 3461 n
598 3403 767 3480 fregmento
791 3404 920 3480 quodam
937 3405 973 3465 de
990 3411 1099 3465 nutura
1116 3407 1260 3482 fulminis,

369 3491 449 3567 quod
477 3491 615 3551 editionis
638 3493 989 3570 p.183,20—184‚3
1019 3513 1188 3572 expressum
1214 3496 1260 3555 in·

367 3580 480 3654 venies,
506 3579 655 3640 veteribus
678 3580 856 3640 editionibus
879 3582 985 3643 11153
1008 3583 1117 3643 iuerat.
1161 3585 1260 3660 sequi·

367 3672 419 3727 tur
441 3667 547 3728 deindo
568 3668 723 3745 inscriptio
745 3666 778 3729 ἐκ
800 3678 858 3729 τῶν
880 3679 934 3732 τοῦ
954 3671 1083 3733 ἰωάννου
1102 3681 1154 3733 τοῦ
1172 3677 1258 3750 pcto·

369 3754 513 3834 ὃελφέως,
537 3760 606 3834 post
629 3776 719 3835 quam
742 3758 844 3818 eodem
867 3760 969 3821 ordine
992 3760 1105 3838 quoin
1128 3760 1259 3821 editione

369 3864 406 3904 es
436 3845 591 3924 leguntur,
623 3864 701 3923 quse
727 3845 770 3905 ibi
801 3848 953 3908 littereX
981 3853 1085 3910 notato
1111 3850 1260 3911 invenies:
