3074 4598
591 508 852 566 ιιοιιοοοιυυε
1203 517 1224 583 9

215 682 285 748 τοίς
308 669 482 756 ἀριθμοῖς,
510 673 605 754 τρίτα
627 670 668 734 τά
696 675 884 759 συνεκτικά,
911 671 1046 760 τέταρτα
1072 674 1112 739 τὰ
1138 681 1264 745 τελε-Χ

214 777 371 860 σιουργά,
403 775 534 861 πέμπτα
563 775 604 839 τὰ
635 775 828 862 διαιρετικά,
860 779 937 846 ἕκτα
964 780 1004 845 τά
1033 782 1223 866 ζωογονικά,

214 882 341 967 ἕβδομοι
363 884 404 948 τὰ
427 880 658 967 δημιουργικά,
681 881 786 963 όγδοα
807 885 847 948 τά
869 885 1148 972 ἀφομοιωματικά,
1171 889 1224 951 ἔν-

212 1011 296 1054 νατα
325 990 366 1054 τὰ
396 988 560 1069 ἀπόλυτα,
592 983 712 1051 δέκατα
740 988 781 1052 τά
807 986 972 1076 ἐγκόσμια
1021 992 1133 1078 ὀρθῶς
1161 986 1223 1057 οὖν

212 1093 345 1188 αύτηυό
359 1094 524 1170 Φιλόλαος
539 1092 661 1159 δεκάδα
672 1095 951 1181 προσηγόρευσεν,
965 1098 1009 1176 ὡς
1022 1098 1328 1182 δεκτικὴνΧΟοότοο.

211 1210 272 1268 τοῦ
295 1200 450 1287 ἀπείρου,
472 1199 614 1286 Ὀρφεὺς
637 1195 674 1265 δὲ
695 1201 897 1286 κλαδοῦχου,
925 1200 957 1281 ἐξ
979 1199 1019 1287 ἧς
1040 1203 1117 1271 ὡσεὶ
1143 1206 1220 1272 κλά-
1247 1229 1260 1270 ο

212 1310 267 1374 δοι
291 1303 381 1385 τινὲς
403 1308 524 1384 πάντες
546 1308 580 1373 οἱ
602 1304 742 1392 ἀριθμοὶ
765 1306 917 1390 φύονται.

158 1427 272 1495 RrLlss
343 1416 393 1481 16.
416 1415 593 1502 Διίμεινεν
620 1411 684 1478 ἀπὸ
707 1414 844 1498 Κρόνου
866 1411 928 1491 ἕως
950 1418 1083 1492 κτίσεως
1100 1414 1261 1501 ῬύμηςΧ

209 1523 293 1590 κατά
320 1523 381 1589 τὸν
408 1521 445 1590 ἐν
468 1524 601 1607 Σελήνῃ
624 1520 753 1606 δρόμον
776 1518 1049 1606 παραφυλαχθεὶς
1070 1521 1088 1588 ό
1112 1521 1221 1588 ἐνιαυ-

210 1631 278 1716 τός,
302 1627 356 1697 ἐπὶ
374 1627 413 1697 δὲ
426 1629 595 1715 Ῥωμύλου
613 1627 765 1714 ὁρίζεται,
783 1628 827 1704 ὡς
846 1626 1001 1711 ἐλέγομεν
1019 1630 1219 1715 ἔμπροσθεν,
1233 1653 1261 1694 ιο

212 1740 455 1823 δεκαμηνιαίος,
473 1749 542 1803 των
559 1730 621 1821 μὲν
638 1730 723 1821 ὑπὲρ
743 1735 918 1821 τριακάδος
936 1733 1057 1822 ἡμέρας
1074 1738 1220 1823 πλείους,

211 1856 280 1911 τῶν
298 1841 336 1909 δὲ
353 1843 529 1921 ἐλάττονας
548 1844 718 1928 λαχόντων
735 1853 861 1928 μηνῶν·
885 1842 975 1908 ούπω
999 1843 1061 1929 γάρ
1080 1841 1144 1908 ἀπὸ
1163 1853 1220 1928 τῆς

207 1950 327 2041 Ἡλίου
348 1954 510 2035 κινήσεως
534 1948 782 2033 ἐφυσιολογεῑτο
809 1948 922 2026 αὐτοῖς
948 1950 985 2014 τὸ
1011 1958 1071 2016 τοῦ
1094 1953 1219 2037 χρόνου
1250 2014 1255 2025 ,

212 2057 385 2140 διάστημα.

173 2181 208 2230 16
277 2162 327 2227 17.
352 2161 387 2227 ‘0
410 2162 599 2245 Πομπίλιος
626 2162 775 2244 Νουμᾶς,
799 2157 849 2244 ἐφ’
873 2155 914 2226 οὗ
938 2164 1143 2248 Πυθαγόρας
1164 2158 1217 2248 ἦν,
1235 2174 1300 2236 XY

209 2270 409 2336 δυοκαίδεκα
442 2264 522 2354 μησί
559 2266 619 2331 τὸν
649 2264 803 2332 ἐνιαυτὸν
834 2266 1052 2354 ἀριθμεῖσθαι
1083 2268 1218 2353 διώρισε
1231 2289 1257 2331 ιο

207 2377 290 2442 κατὰ
312 2377 373 2442 τὸν
391 2374 429 2441 ἐν
447 2374 584 2460 Φαίδρῳ
600 2373 793 2458 Σωκράτην,
817 2373 853 2451 ὅς
871 2390 952 2458 φησι
970 2375 1028 2451 τάς
1045 2385 1112 2440 τῶν
1130 2375 1217 2441 ὅλων

208 2480 315 2560 τάξεις
337 2491 376 2567 τῇ
405 2480 570 2547 δωδεκάδι
596 2483 845 2566 περιειλῆφδαν
874 2478 928 2545 ἐπὶ
954 2480 991 2545 τὸ
1017 2489 1084 2546 πᾶν
1111 2482 1174 2567 γάρ
1197 2482 1216 2549 ό

207 2587 289 2663 θεὸς
302 2594 348 2674 τῷ
362 2586 501 2675 ἀριθμῷ
512 2584 619 2673 τούτῳ
635 2587 855 2670 κατεχρήσατο
869 2588 1106 2673 διαζωγραφῶν
1124 2587 1216 2675 αύτό,

207 2694 252 2770 ὥς
275 2710 380 2777 φησιν
403 2693 421 2760 δ
445 2693 597 2760 Πλάτων.
639 2693 764 2758 οἰκείου
784 2694 847 2778 γάρ
871 2695 908 2759 τὸ
932 2703 1037 2778 σχῆμα
1058 2703 1157 2761 τοῦτο
1175 2706 1214 2783 τῇ
1229 2714 1256 2754 ιο

206 2809 266 2866 τοῦ
284 2801 409 2878 παντὸς
429 2800 514 2888 ἰδίᾳ·
536 2796 592 2863 καί
610 2799 672 2885 γάρ
691 2802 859 2884 κυκλικόν,
880 2797 950 2866 ἐπεὶ
967 2797 1021 2865 καί
1039 2805 1215 2887 θαυμαστή

277 3009 303 3046 v.
318 2997 334 3046 5
350 2991 497 3065 Φιλόλαος]
512 2990 547 3046 cf.
556 2990 682 3046 Mullach
695 2991 794 3046 FPhG
807 2991 841 3061 Π,
854 2998 909 3062 p.4
922 2991 955 3046 fr.
971 2998 1004 3047 13
1057 2999 1073 3048 6
1084 2991 1225 3069 ’ορφεδς].

204 3061 374 3205 IAbglbfrcgm.
390 3062 475 3134 Orph
491 3068 541 3118 161
615 3068 647 3117 17
662 3062 697 3117 cf.
711 3061 836 3118 Platonis
854 3063 972 3118 Phaedr.
989 3081 1017 3133 p.
1032 3064 1115 3120 247A
1142 3064 1213 3121 Tim.

276 3328 301 3366 v.
317 3316 333 3364 λ
352 3307 525 3379 διαιρεκτικά
543 3308 571 3362 A
651 3315 667 3362 ό
686 3305 729 3362 ὅτι
742 3308 760 3378 ἡ
775 3307 858 3372 δεκάς
875 3308 959 3381 δεχάς
979 3312 1213 3383 προσαγορεύεται

204 3383 242 3445 ὡς
260 3380 373 3451 δεκτικὴ
392 3389 442 3435 τοῦ
460 3376 594 3448 ἀπείρου,
616 3378 634 3448 ἡ
653 3378 724 3448 αύτὴ
742 3380 790 3434 καὶ
807 3382 911 3452 κλαδοῦ
929 3399 972 3449 ος,
990 3380 1061 3437 διότι
1079 3381 1108 3447 ἐξ
1126 3384 1213 3453 αὐτῆς

204 3451 232 3508 ol
249 3452 370 3521 ἀριθμοὶ
388 3450 491 3515 πάντες
508 3450 546 3512 ὡς
563 3447 662 3504 κλάδοι
678 3447 752 3512 τινὲς
769 3451 889 3520 φύονται
945 3468 1002 3523 org.
1017 3452 1129 3508 (δεδι-σο.
1143 3453 1210 3512 hist.

204 3538 293 3593 comp.
316 3542 344 3594 p.
369 3528 447 3590 297st
475 3522 564 3576 Bonn.
653 3526 669 3575 6
696 3523 858 3591 κλειδοῦχον
875 3522 903 3576 Β
992 3528 1025 3577 10
1051 3522 1164 3594 λέγομεν
1182 3527 1210 3580 A

204 3599 236 3649 11
256 3593 400 3663 τριετάτης
413 3594 446 3647 Χ
461 3590 613 3662 τριακάδος
626 3591 679 3647 διδ
694 3594 699 3662 Ι
714 3590 824 3654 πλείους
841 3592 895 3665 Rr]
913 3596 1002 3649 πολλῶ
1015 3594 1043 3648 A
1060 3597 1168 3650 πολλῶν
1181 3596 1210 3650 Β

202 3661 335 3727 πλείονας
352 3663 482 3719 Nokln'us
542 3667 575 3716 15
594 3660 966 3734 δπομπίλινοςΙπομπίλιος,
979 3683 1006 3720 ιο
1020 3664 1050 3719 in
1064 3681 1117 3719 ras.
1134 3665 1170 3736 G)
1184 3667 1215 3722 Y
1257 3686 1259 3689 ·

203 3734 346 3805 πομπήϊος
377 3736 409 3789 X
431 3735 436 3807 Ι
461 3731 508 3804 ἐφ’
526 3726 650 3802 οἶν-ἦν
668 3732 747 3788 omis.
766 3734 797 3788 X
880 3740 912 3788 17
931 3735 1210 3806 κατὰ-Σωκράτην

203 3805 282 3862 omis.
302 3806 335 3861 X
353 3809 357 3877 Ι
378 3805 415 3869 ὥς
432 3823 501 3876 φησι
515 3803 543 3857 A
562 3802 599 3867 ὥς
616 3821 686 3873 φασι
703 3804 732 3858 Β
821 3809 854 3859 18
872 3814 905 3877 τη
927 3805 1069 3878 δωδεκάτη
1087 3807 1115 3861 Β
1131 3809 1136 3878 Ι
1152 3806 1209 3881 ἐπὶ]

202 3875 264 3934 ἐπεί
287 3877 319 3932 Χ
342 3881 347 3948 Ι
372 3876 425 3949 γὰρ
445 3874 524 3932 omis.
543 3874 575 3929 X
645 3881 678 3930 19
697 3873 781 3948 αύτό]
799 3874 886 3932 αὐτόν
904 3877 932 3931 A
950 3878 1023 3932 αύτῶ
1040 3878 1069 3932 Β
