3074 4598
639 525 846 583 PRAEFATIO
1164 523 1251 580 XLIX

280 696 363 757 Oedr.
377 716 406 773 p.
418 698 492 771 294,
504 698 559 755 11:
580 693 624 754 ὅτι
641 691 713 768 κοίρ-
828 697 965 772 excerpta
984 696 1055 755 sunt
1078 713 1093 753 e
1115 691 1170 768 III,
1194 695 1249 769 103

231 809 306 866 μινα
320 817 362 828 -
377 784 499 864 μαντεία
514 807 556 832 =
577 781 623 840 ed.
639 783 713 855 180,
774 783 810 844 cf.
825 783 869 842 οδ
883 804 911 861 p.
927 787 978 845 49.

232 876 364 936 20-21
390 867 461 955 (frg.
484 873 541 932 inc.
565 869 624 928 sed
644 864 685 948 9).
817 892 846 948 p.
857 874 929 948 295,
942 876 973 933 7:
996 871 1041 934 ὅτι
1057 864 1192 948 Ῥωμαῖοι
1205 901 1249 912 --

267 955 713 1040 13τύτιτηνπρώτηντοῶμηνδς
773 957 942 1038 αὐτόχθονα
973 989 1016 1013 =
1048 960 1093 1022 ed.
1129 978 1157 1035 p.
1198 959 1250 1035 63,

226 1045 366 1129 Ῥωμαῖοι
396 1048 546 1120 καλάνδας
577 1049 712 1107 καλοῦσι·
776 1050 817 1108 10
834 1065 900 1125 app.

232 1138 343 1210 νόννας
361 1135 393 1198 δὲ
412 1135 462 1197 καλ
480 1135 578 1208 εἰδούς
596 1132 645 1196 ἕπλ
659 1131 713 1213 μὲν
820 1139 874 1196 1οτ
899 1137 981 1198 Δίων
996 1138 1187 1220 -γίνεσθαι
1206 1161 1249 1184 --

226 1221 416 1307 Ἷανουαρίου
434 1223 485 1286 καὶ
506 1224 713 1306 Φεβρουαρίου
773 1225 818 1286 οδ
837 1244 864 1301 p.
881 1227 1082 1301 66,12-17.

226 1309 396 1395 Ἀπριλλίου
411 1335 440 1375 τε
456 1312 507 1376 καί
522 1307 649 1376 Ἰουνίου
663 1311 714 1373 καλ
820 1314 873 1373 15:
894 1314 1051 1395 Φεβρούαυ
1065 1319 1250 1397 -καθᾶραι
1295 1327 1298 1332 ’

229 1402 409 1484 Αὐγούστου
436 1402 488 1465 καλ
510 1402 713 1483 Σεπτεμβρίου
774 1429 817 1452 =
832 1403 875 1462 οδ
893 1423 922 1479 p.
943 1406 1024 1480 83‚2
1039 1422 1106 1481 app.

233 1485 475 1573 καλΌκτωβρίου
498 1493 548 1555 καλ
562 1492 713 1572 Νοεβρίον
820 1495 876 1552 21:
899 1489 943 1552 ὅτι
974 1490 1026 1553 τὸν
1056 1490 1183 1571 Μάρτεμ
1206 1525 1249 1535 -

232 1580 285 1655 τὰς
317 1578 371 1661 μὲν
402 1581 513 1656 νόννας
545 1579 663 1661 λέγουσι
691 1574 714 1640 ε’
774 1580 954 1662 ζωογονικήν
983 1607 1026 1630 =
1053 1579 1098 1641 ed.
1134 1601 1163 1657 p.
1198 1584 1249 1657 91,

229 1679 285 1732 τού
299 1670 403 1751 μηνός,
426 1671 479 1746 τὰς
502 1668 534 1733 δὲ
557 1670 656 1743 εἰδούς
675 1664 714 1750 ιγ’
774 1673 815 1731 25
835 1689 902 1748 app.

228 1769 285 1822 τού
307 1761 417 1840 μηνός,
444 1758 494 1822 ἐπλ
516 1757 548 1821 δὲ
571 1760 713 1840 Μαρτίου
817 1781 846 1838 p.
861 1762 978 1836 296‚3:
1009 1758 1054 1820 ότι
1079 1755 1182 1838 κέρδος
1205 1790 1248 1801 -

229 1847 282 1909 καί
305 1851 412 1910 Μαΐου
439 1848 490 1911 καλ
516 1843 640 1912 Ἰουλίου
663 1847 714 1909 καί
772 1847 1250 1929 ἒπικειμόνονε--οδμλῌαρμ

232 1936 418 2016 Δεκεμβρίου
445 1937 498 2010 τδις
525 1934 580 2017 μὲν
602 1937 714 2010 νόννας
819 1943 852 1999 9:
876 1936 919 1999 ὅτι
938 1938 1249 2019 σπαθάριος-προσ-

231 2023 287 2102 τὴν
316 2019 341 2097 ξ
369 2033 423 2085 τοῦ
458 2025 568 2104 μηνός,
600 2024 652 2098 τάς
681 2022 713 2086 δὲ
774 2026 1024 2104 φύνησις--οῶ
1042 2048 1071 2104 p.
1086 2028 1137 2100 86,
1148 2028 1189 2086 24
1206 2059 1248 2069 —

229 2112 332 2186 εἰδούς
363 2111 420 2190 τὴν
458 2109 493 2174 ιε’
526 2121 579 2174 τοῦ
611 2113 714 2192 μηνός.
774 2118 825 2191 87,
835 2116 866 2174 2.

228 2201 381 2275 καλάνδας
403 2201 508 2262 τοίνυν
527 2196 713 2282 Ἰαννουαρίου
819 2206 874 2262 11:
892 2199 937 2263 ὅτι
951 2195 1251 2280 Ῥωμαῖοι-καλού-

228 2288 376 2370 εὑρίσκων
399 2288 455 2369 την
478 2284 507 2352 α’
526 2284 713 2372 Ἰανουαρίου
774 2307 822 2352 σιν
845 2316 888 2341 =
911 2291 955 2350 ed.
978 2311 1006 2368 p.
1023 2293 1075 2365 87,
1087 2292 1202 2349 7-12.

231 2379 376 2459 νομίσεις,
412 2377 454 2440 ἔτι
484 2376 516 2440 δὲ
544 2378 601 2461 πρὸ
625 2387 713 2460 τριῶν
819 2383 873 2441 163
919 2377 962 2440 ὅτι
1008 2380 1159 2460 σώφρονες
1205 2411 1248 2422 -

230 2467 287 2546 την
301 2467 402 2548 τρίτην
416 2467 465 2529 καλ
484 2467 541 2551 πρὸ
560 2478 629 2546 μιᾶς
642 2490 713 2530 νον·
775 2468 907 2547 Φαίδρας
943 2495 985 2518 =
1023 2469 1067 2528 οδ
1107 2489 1135 2545 p.
1175 2470 1248 2544 178,

227 2564 293 2616 νῶν
312 2549 505 2638 Ἰανουαρίων
529 2554 582 2634 τὴν
602 2551 639 2636 δ’,
662 2555 711 2617 διὰ
774 2561 814 2618 11
844 2576 911 2634 app.
939 2553 1010 2640 (frg.
1038 2558 1094 2617 inc.
1119 2556 1180 2616 sed.
1205 2553 1247 2637 1).

226 2643 262 2706 τὸ
285 2642 340 2722 τὴν
362 2639 395 2724 ε’,
425 2641 466 2719 ὡς
489 2644 618 2725 ἔφημεν,
642 2645 712 2706 νόν·
820 2649 873 2708 19:
897 2643 940 2705 ὅτι
962 2649 1039 2708 Ηαω
1053 2677 1091 2688 -
1107 2644 1248 2728 δημιουρ-

228 2756 287 2794 ναν
310 2737 474 2795 καλεῖσθαι.
511 2733 582 2814 μετὰ
601 2731 634 2795 δὲ
656 2733 712 2813 τὴν
770 2733 1013 2816 μδςθεόςεαδ
1027 2737 1248 2813 p.lll‚1app.

231 2816 254 2883 ε’
280 2821 375 2896 εἴποις
408 2819 447 2883 διν
477 2822 535 2905 πρὸ
561 2817 592 2902 η’
623 2823 712 2885 εἰδῶν
818 2826 873 2884 22:
896 2821 941 2884 ὅτι
962 2821 1015 2885 νόα
1037 2821 1056 2902 ἡ
1079 2822 1179 2904 πρώτη
1193 2832 1251 2886 τού

224 2904 430 2991 Ἰανουαρίων,
444 2909 541 2994 ἤγουν
554 2921 589 2998 τῇ
602 2905 630 2982 ς’
643 2913 712 2974 τού·
772 2912 865 2992 μηνὸς
887 2911 965 2994 παρὰ
990 2906 1142 2989 Ἀττικοῖς,
1174 2910 1246 2992 ἔννη

225 3022 293 3078 του,
315 2999 366 3061 καὶ
388 2999 446 3082 πρὸ
470 2999 541 3062 ἑπτὰ
564 3001 653 3062 πάλιν
674 3012 711 3087 τῇ
772 2999 804 3063 δὲ
826 2998 845 3080 ἡ
867 3002 1021 3064 τελευταία.
1066 2999 1246 3081 καλάνδηὴ

227 3083 264 3168 ζ’,
287 3087 338 3148 καλ
360 3087 428 3168 ἑξῆς
453 3087 576 3168 ὁμοίως,
605 3088 655 3150 διὰ
678 3089 709 3152 τὸ
771 3090 924 3170 νεομηνία,
946 3088 1005 3152 άπὸ
1030 3098 1083 3151 τοῦ
1101 3093 1199 3150 καλεῖν
1212 3087 1246 3151 ἐν

229 3174 285 3253 τὴν
322 3171 361 3256 ιγ’
393 3171 578 3259 Ἰανουαρίον
610 3178 709 3252 εἰδούς
771 3179 845 3264 αὐτῇ
858 3177 910 3239 τὸν
928 3176 1005 3260 ίερὲα
1019 3177 1070 3240 τδν
1085 3178 1180 3256 δῆμον
1195 3177 1247 3239 καλ

223 3257 411 3345 Ἰανουαρίου
435 3262 581 3346 λέγεσθαι.
608 3264 664 3345 την
678 3263 710 3327 δὲ
768 3267 921 3348 κηρύττειν
955 3265 1011 3344 τὴν
1046 3263 1157 3346 ἡμέραν
1191 3275 1245 3347 τῆς

224 3347 269 3413 ἰδ’
291 3351 398 3414 τούτου
421 3353 516 3428 εἴποις
533 3351 572 3414 δν
592 3354 650 3435 πρὸ
665 3349 710 3416 ιδ’
768 3355 892 3434 νόννας,
923 3351 952 3428 ἐξ
985 3345 1021 3434 ης
1052 3351 1191 3432 ἐδηλοῦτο
1224 3351 1245 3434 ἡ

225 3441 386 3502 καλανδῶν
411 3435 628 3523 Φεβρουαρίον,
653 3443 709 3523 τὴν
769 3443 941 3524 μεσομηνία,
958 3440 999 3523 ἣν
1017 3441 1100 3505 αύτολ
1113 3443 1243 3525 πατρίως

230 3526 262 3591 δὲ
286 3524 320 3589 ιε’
342 3529 399 3611 πρὸ
419 3525 467 3609 ιη’,
491 3531 541 3592 καί
554 3529 622 3611 ἑξῆς
635 3532 709 3594 κατὰ
768 3533 867 3607 εἰδούς
876 3533 1150 3614 προσαγορεύουσιν.
1170 3529 1246 3592 ιὀτό-

228 3617 281 3679 τδν
303 3617 414 3698 τρόπον
428 3617 511 3701 μέχρι
524 3629 577 3699 τῆς
590 3620 709 3702 πρώτης
770 3644 805 3683 ον
816 3620 858 3683 ὅτι
867 3622 1004 3702 Μάρτιος
1015 3619 1065 3682 καὶ
1077 3620 1180 3694 Μάϊος
1193 3619 1246 3682 καί

232 3707 452 3790 Φεβρουαρίου·
476 3702 537 3768 εἶτα
559 3706 634 3788 ἐρεῖς
655 3734 709 3770 κα-
765 3703 886 3784 Ἰούλιος
907 3709 957 3770 καί
972 3705 1144 3792 Ὀκτύβριος
1157 3707 1245 3789 ἑβδο-

227 3795 710 3879 λάνδαςΦεβρουαρίου,ό’τιδὲκαλ
769 3800 857 3879 μαίας
880 3797 976 3880 ἔχουσι
997 3798 1049 3871 τὰς
1071 3798 1180 3872 νόννας
1193 3797 1246 3860 καί

227 3882 277 3945 ἐπί
288 3894 347 3946 τῶν
358 3882 457 3948 άλλων
473 3896 577 3967 μηνῶν
593 3885 709 3968 ὁμοίως.
768 3888 1055 3962 πεντεκαιδεκαταίας
1069 3887 1119 3962 τδις
1131 3887 1242 3969 είδοῶς,

282 3994 365 4035 Imm
380 3996 415 4037 ed.
429 3996 581 4039 Wuensch.
1067 3986 1086 4040 d
