3074 4598
241 487 328 543 LXIV
649 485 856 543 PRAEFATIO

241 657 479 737 fragmentorum
501 655 653 736 congeries
676 656 743 732 illa,
772 674 863 735 quam
889 657 921 715 in
949 655 1077 716 editione
1104 657 1206 717 littera
1228 657 1256 716 X

241 749 354 809 notavi.
405 750 538 808 ceterum
568 764 689 806 monere
721 745 823 821 liceat,
856 764 1000 822 apparere
1032 763 1067 804 ex
1097 745 1148 821 iis,
1180 765 1256 826 quae

241 837 329 898 modo
358 837 527 911 attulimus,
555 838 647 911 caput
673 835 749 894 illud
776 837 813 896 de
840 835 963 895 fulmine
989 834 1051 892 iam
1078 834 1115 892 ab
1141 834 1255 896 Allatio

241 925 327 1004 Lydo
350 925 555 986 abiudicatum
582 943 658 985 esse:
688 943 870 1002 quamquam
896 923 974 984 enim
998 923 1030 981 in
1057 921 1137 983 illius
1160 943 1255 986 exem·

241 1015 320 1092 plari
347 1014 505 1093 legebatur
532 1009 650 1091 (nempe
680 1014 802 1073 extabat
823 1013 856 1072 in
881 1011 1053 1091 apographo
1080 1011 1256 1088 Mariniano,

242 1098 333 1181 quod·
345 1123 380 1163 ex
402 1103 456 1162 illo
481 1103 662 1181 exscriptum
684 1095 754 1184 est),
775 1104 808 1162 in
826 1102 986 1162 editionem
1002 1101 1132 1177 recipere
1150 1101 1255 1178 noluit,

242 1193 324 1252 emus
352 1191 473 1252 initium
500 1193 538 1253 ab
561 1192 676 1253 Allatio
705 1191 902 1270 compositum
931 1208 1020 1267 supra
1047 1208 1255 1250 commemora·

239 1299 344 1342 vimus.

245 1362 247 1368 ’
306 1370 353 1430 Ex
381 1370 448 1449 ipso
479 1375 580 1432 autem
610 1371 710 1433 codice
739 1371 769 1432 A
797 1368 948 1430 Lambeoii
976 1371 1063 1430 notas
1093 1368 1254 1446 exscriptas

242 1477 312 1535 esse,
339 1461 404 1520 veri
428 1480 519 1538 quam
539 1462 668 1521 maxime
692 1463 738 1522 est
764 1460 868 1522 simile.
914 1458 1082 1519 Parisinum
1107 1457 1184 1517 certe
1207 1476 1254 1517 oo·

241 1548 337 1608 dicem
357 1549 483 1611 Parisiis
505 1550 651 1627 inspicere
675 1582 717 1591 —
739 1549 772 1608 id
795 1549 874 1627 quod
896 1547 1016 1609 volebat
1038 1545 1188 1607 S'chowius
1211 1579 1253 1589 -

240 1637 328 1697 illum
354 1658 433 1700 anno
464 1641 552 1699 1653
577 1658 638 1698 non
664 1638 811 1715 potuisse,
844 1638 954 1716 quippe
978 1636 1034 1714 ‘qui
1059 1635 1149 1696 codex
1176 1655 1253 1696 anno

243 1728 327 1786 1706
356 1727 389 1786 in
415 1727 628 1787 bibliothecam
654 1727 769 1805 regiam
794 1726 898 1786 illatus
926 1728 1016 1800 esset,
1042 1725 1256 1787 demonstravit

240 1813 351 1876 Hosius
375 1834 479 1875 comm.
502 1835 531 1892 p.
549 1814 683 1874 XXXIX.
728 1834 783 1876 nec
803 1815 902 1875 minus
924 1815 1103 1895 negaverim,
1125 1815 1255 1876 codicem

240 1902 266 1961 Β
291 1922 310 1961 a
331 1903 491 1964 Lambecio
520 1903 688 1963 adhibitum
715 1906 791 1978 esse',
819 1923 887 1964 cum
911 1905 943 1965 in
964 1905 1079 1984 Bigotii
1105 1907 1253 1983 potestate

240 1995 417 2052 versaretur.
468 1992 604 2070 quamvis
637 1993 716 2053 enim
747 2012 806 2053 uno
837 1994 903 2055 loco
930 1994 1104 2055 Lambecius
1135 2014 1201 2055 cum
1227 1994 1253 2053 B

240 2080 348 2158 faciat,
379 2101 440 2142 non
467 2100 535 2142 cum
556 2082 586 2143 A
612 2074 733 2164 (p.32,
754 2087 795 2144 14
822 2087 949 2144 καλεῖται
974 2083 1118 2160 BLamb.,
1146 2087 1254 2145 ιιαλοο-

242 2166 315 2248 μένη
337 2161 394 2253 Α),
422 2174 524 2232 tamen
545 2172 634 2233 huius
656 2171 794 2234 lectionis
821 2174 1030 2233 auctoritatem
1054 2174 1168 2233 nullam
1190 2192 1253 2234 esse

241 2261 325 2335 puto,
344 2259 423 2336 quod
441 2260 525 2320 facili
542 2261 597 2320 iila
616 2262 848 2321 commutatione
866 2262 1024 2336 oriebatur,
1042 2262 1094 2321 ubi
1111 2260 1157 2337 iis,
1176 2281 1253 2338 quae

242 2351 437 2425 excerpserat,
458 2349 569 2427 integri
587 2349 736 2410 enuntiati
754 2350 881 2426 speeiem
898 2350 1039 2426 praebere
1057 2349 1153 2409 voluit
1165 2348 1253 2408 Lam·

240 2435 349 2497 beoius.
395 2437 582 2498 coniecturae
606 2443 720 2513 autem,
747 2438 855 2498 adiisse
882 2438 967 2497 illum
992 2437 1121 2498 codicem
1142 2438 1253 2496 Barbe»

240 2525 349 2600 riuum,
371 2525 464 2601 favet,
492 2527 572 2604 quod
593 2527 626 2585 in
649 2527 778 2604 epistula
800 2526 981 2586 dedicatoria
1004 2525 1185 2586 (todinianae
1206 2526 1254 2584 illi

242 2613 368 2679 editioni
398 2616 562 2691 praemissa
593 2636 623 2692 p.
648 2615 695 2674 HI
726 2615 863 2675 laudibus
896 2616 1012 2675 extollit
1043 2615 1254 2675 bibliothecam

240 2701 452 2778 Barberinam,
480 2698 551 2781 ‘qua
578 2707 648 2781 post
669 2703 848 2764 Vaticanum
874 2704 950 2762 nihil
972 2704 1068 2764 Roma
1093 2703 1253 2780 perfectius

240 2787 371 2866 habeat’,
399 2810 525 2868 cumque
553 2812 582 2869 p.
600 2792 630 2848 V
651 2791 683 2850 in
710 2793 781 2851 aula
802 2791 954 2852 Francisoi
974 2791 1131 2851 Barberini
1158 2793 1252 2851 cardi·-

208 2888 210 2895 '
241 2879 318 2937 nalis
345 2878 404 2938 viri
431 2883 648 2939 commoratum
674 2897 705 2940 se
733 2898 796 2940 esee
823 2882 962 2953 testetur,
990 2880 1077 2939 valde
1098 2879 1252 2956 probabile

242 2970 296 3042 est,
317 2966 516 3026 Barberinum
539 2967 670 3027 codicem
693 2987 761 3026 eum
783 2985 854 3042 esse,
878 2987 966 3044 quem
986 2968 1148 3045 inspexerit
1164 2968 1252 3028 Lam·

240 3055 349 3115 beoius.
385 3055 573 3116 ¹festinanter
595 3059 697 3115 autem
718 3055 770 3115 ille
793 3056 999 3134 apographum
1021 3075 1106 3116 suum
1126 3058 1253 3118 confecit

241 3136 285 3226 (p.
305 3147 379 3219 129,
399 3147 442 3206 10
464 3143 665 3224 αἰνιττόμενον
685 3144 788 3205 Lamb.
811 3164 865 3222 pro
889 3142 1090 3223 αἰνιττόμενοι,
1114 3150 1153 3206 11
1178 3146 1251 3208 νεώ-

240 3256 311 3294 τατα
332 3252 388 3311 pro
410 3230 570 3312 νεώτατον)
594 3253 690 3311 neque
713 3233 889 3293 coniectiuis
907 3234 1040 3311 pepercit
1063 3225 1210 3315 (p.15,4
1235 3257 1251 3297 e

241 3342 294 3383 suo
322 3321 372 3382 διὰ
398 3331 485 3384 τοῦτο
513 3323 642 3398 addidit,
671 3342 700 3400 p.
721 3324 793 3398 159,
814 3324 853 3382 13
882 3320 937 3400 τὴν
963 3322 1106 3402 λειοτάτην
1132 3325 1251 3402 scripsit

240 3431 295 3488 pro
318 3409 370 3472 τὸν
394 3404 565 3494 hosdem),
594 3411 781 3489 quinetiam
807 3411 883 3471 falso
907 3412 996 3471 titulo
1024 3415 1111 3473 ornat
1131 3414 1252 3489 prolata

240 3519 270 3576 p.
291 3500 379 3576 15,1
406 3493 457 3583 (ex
475 3501 538 3561 Ioh.
557 3500 635 3577 Lydi
657 3497 725 3580 περὶ
747 3496 843 3578 ἀρχῶν
866 3493 1048 3582 πολιτικῶν),
1071 3520 1128 3578 quo
1150 3501 1193 3577 fit,
1216 3504 1251 3562 ut

240 3588 322 3648 illius
344 3588 487 3649 lectiones
506 3589 545 3648 ad
562 3589 747 3649 restituenda
765 3587 902 3665 Lydiana
919 3588 1009 3649 verba
1028 3589 1104 3648 nihil
1121 3591 1250 3651 valeant

307 3675 468 3737 Difficilior
490 3678 551 3737 iam
577 3696 624 3738 res
648 3680 706 3753 est,
734 3696 801 3737 oum
828 3678 1009 3755 quaerimus,
1036 3678 1151 3738 cuinam
1173 3679 1251 3740 fonti

242 3765 387 3844 originem
410 3766 518 3827 debeat
540 3767 631 3827 codex
653 3766 688 3826 B.
724 3766 812 3827 huius
830 3768 967 3845 propriae
986 3771 1055 3827 sunt
1073 3771 1160 3827 notae
1179 3768 1250 3828 illae

241 3854 370 3934 margini
393 3855 523 3930 additae,
546 3855 652 3933 quibus
676 3857 714 3916 ad
737 3856 812 3918 ahos
831 3859 965 3917 auctores
982 3857 1132 3936 relegatur
1149 3858 1252 3921 lector.
