3074 4598
503 523 614 580 LIBER
633 522 809 589 QUARTUS.
836 525 998 583 MAR'I'IUU
1212 529 1253 594 91

243 697 291 776 τῷ
322 686 516 776 καλουμένῳ
548 687 662 772 τελείῳ
695 684 778 768 φησὶ
806 690 886 766 τοὺς
913 687 975 776 μὲν
1000 691 1163 776 τιμωροὺς
1188 702 1288 758 τῶνε

245 795 417 878 δαιμόνων
445 793 482 860 έν
512 794 595 878 αὐτῇ
625 801 665 877 τῇ
692 789 757 877 ὕλῃ
783 796 951 879 παρόντας
976 802 1190 883 τιμωρεῖσθαι
1216 798 1253 864 τὸ

244 901 460 987 ἀνθρώπειον
489 896 560 963 κατ’
587 894 698 981 ἀξίαν,
729 899 808 974 τοὺς
836 895 873 964 δὲ
900 903 1120 990 καθαρτικοάς
1147 900 1184 967 έν
1208 911 1254 990 τᾷ

244 1005 319 1093 ἀέρι
343 1007 531 1089 πεπηγότας
558 1004 616 1079 τάς
643 1004 751 1088 ψυχὰς
776 1006 859 1089 μετά
887 1008 1036 1076 θάνατον
1064 1006 1255 1094 ἀνατρέχειν

242 1111 450 1198 πειρωμένας
481 1110 725 1197 ἀποκαθαίρειν
760 1108 837 1196 περὶ
876 1114 935 1190 τὰς
968 1117 1162 1199 χαλαζώόεις
1199 1113 1255 1181 καὶ
1281 1141 1294 1184 ι
1411 1192 1413 1197 ,

242 1218 411 1304 πυρώδεις
437 1226 498 1284 τοῦ
521 1217 619 1304 ἀέρος
646 1219 763 1302 ζώνας,
792 1216 831 1294 ἀς
858 1219 891 1282 οἱ
917 1220 1048 1303 ποιηταὶ
1074 1221 1129 1288 καλ
1155 1221 1272 1300 αὐτὸς·

243 1325 262 1390 6
286 1324 432 1389 Πλάτων
454 1324 492 1391 έυ
515 1326 666 1392 Φαίδωνι
689 1326 861 1411 Τάρταρον
883 1322 939 1390 καὶ
957 1328 1254 1412 Πυριφλεγέθοντα

244 1429 457 1516 ὀνομάζουσι·
486 1435 567 1509 τοὺς
596 1427 633 1498 δὲ
661 1433 865 1517 σωτηρικοὺς
890 1431 976 1516 πρὸς
1001 1440 1046 1520 τῷ
1073 1439 1255 1524 σεληνιακῷ

242 1538 339 1628 χώρῳ
362 1538 583 1625 τεταγμένους
605 1538 788 1618 ἀποσώζειν
809 1540 868 1616 τὰς
889 1538 1005 1623 ψυχάς.
1280 1569 1294 1610 ο

670 1747 832 1823 Μάρτιος.
1267 1751 1294 1806 Χ

191 1872 317 1926 deest&
349 1861 402 1925 33.
430 1862 497 1926 Tov
523 1862 695 1946 Μάρτιον,
722 1862 812 1927 καθὰ
839 1858 894 1925 καὶ
921 1870 1018 1926 τοῦτο
1044 1863 1252 1948 προείπομεν,
1265 1872 1293 1927 Η

243 1967 349 2052 ἀρχὴν
382 1966 539 2033 ένιαυτοῦ
570 1965 722 2050 ἐνόμιζον
754 1968 787 2031 οἱ
811 1965 978 2051 Ῥωμαῖοι·
1009 1968 1188 2034 ἀνετίθουν
1215 1963 1253 2034 ἀὲ

242 2071 347 2138 αὐτὸν
368 2080 415 2160 τῷ
428 2069 535 2157 ’Ἆρον
559 2067 657 2147 οὗτος
680 2068 718 2136 66
739 2073 905 2157 πρότερον
923 2076 1107 2159 Ζεφυρίτης
1126 2073 1254 2160 ώνομά-

242 2182 313 2260 ζετο
335 2176 391 2243 καὶ
414 2182 560 2264 Πρῖμος·
583 2176 601 2242 6
624 2178 689 2263 γάρ
712 2178 774 2260 τὴν
786 2176 914 2262 Ῥώμην
935 2181 1045 2256 κτίσας
1058 2177 1177 2264 Ῥῶμος
1197 2177 1253 2245 κοιλ

241 2284 378 2370 τέμενος
399 2294 461 2352 τοῦ
474 2283 593 2371 ’Ἀρεος
616 2282 654 2348 έν
677 2283 759 2370 αὐτῇ
782 2291 829 2372 τῷ
851 2282 932 2368 μηνὶ
953 2283 1057 2372 τοότφ
1075 2283 1254 2369 ἀπαρτίσας
1267 2311 1293 2354 ιε

233 2396 401 2480 -Μαρτίου
429 2391 536 2475 αὐτὴν
566 2393 811 2476 μετωνόμασεν,
843 2389 1014 2456 τουτέστιν
1030 2388 1147 2477 ’Ἀρεος
1171 2393 1254 2457 κατὰ

232 2499 304 2582 «τὴν
324 2500 469 2584 πάτριον
491 2497 623 2564 ἐκείνου
645 2499 771 2582 φωνήν.

188 2614 312 2671 erv2⁷
330 2604 384 2671 34.
409 2606 451 2670 Οί
469 2607 615 2690 μυθικοί
630 2619 748 2689 φασιν·
770 2603 789 2671 6
809 2604 896 2680 Ζεὺς
915 2604 1088 2669 συνελθὼν
1106 2612 1145 2689 τῇ
1159 2603 1253 2670 ἀδελ·
1265 2615 1293 2670 X

241 2721 288 2798 φῇ
308 2711 400 2799 Ἥρᾳ
425 2714 538 2778 ἔτεκεν
556 2709 669 2796 Ἄρεα,
698 2710 803 2777 ολονελ
831 2709 850 2777 6
880 2711 983 2796 αἰθὴρ
1010 2712 1254 2795 συναντόμενος

231 2827 287 2907 τῷ
310 2818 385 2905 ἀέρι
403 2819 583 2904 ἀποθλίβει
600 2817 638 2882 τὸ
658 2816 772 2904 ἀέρων
788 2827 866 2903 πῦρ.
903 2818 936 2883 ολ
954 2813 990 2882 66
1008 2815 1253 2904 φυσικοὶἌρεα
1266 2845 1294 2886 ιο

240 2922 303 3012 μὲν
325 2926 388 3010 οὐχ
411 2927 456 3004 ώς
478 2926 512 2990 ολ
535 2936 770 3010 γραμματικῶν
791 2924 908 3001 παῖδες
930 2922 966 2989 έκ
983 2933 1040 3008 τῆς
1057 2925 1181 3009 ἀρσεως
1198 2922 1253 2990 καὶ

229 3030 441 3117 ’ἀναιρέσεως
473 3031 578 3097 αὐτὸν
610 3029 844 3114 ὀνομασθῆναί
872 3048 991 3116 φασιν,
1022 3029 1095 3097 ἀλλ’
1127 3029 1163 3096 ἐκ
1192 3040 1252 3098 τοῦ
1330 3062 1334 3071 ·

240 3136 382 3222 ἀρήγειν
403 3135 459 3203 καὶ
487 3138 734 3221 συλλαμβάνειν
761 3147 832 3214 τοῖς
856 3137 941 3202 κατὰ
967 3139 1044 3220 βίαν
1069 3135 1125 3202 καὶ
1147 3137 1254 3222 μάχην

240 3244 497 3327 συμπτώμασιν,
528 3242 549 3326 ἢ
579 3242 625 3317 ώς
652 3240 810 3327 ἀρκτικὸν
839 3239 895 3306 καὶ
926 3245 1105 3326 μεταβολῆς
1132 3248 1253 3309 αἴτιον·
1266 3270 1296 3310 ιι

241 3350 374 3414 διδόασι
388 3343 426 3414 δὲ
440 3347 531 3436 αὐτῷ
544 3347 666 3432 ὕψωμα
683 3348 744 3413 τὸν
758 3349 960 3433 Λίγόκερων.
997 3347 1046 3413 ὅτι
1063 3348 1123 3413 τὸν
1135 3349 1231 3434 Μάρ
1245 3359 1360 3416 cedson.

311 3504 335 3541 v
353 3485 469 3541 ιειιιο
488 3486 593 3542 Phaed.
612 3504 639 3556 p.
656 3484 740 3541 11313

227 3630 229 3638 ·
310 3629 336 3666 v
353 3617 387 3665 14
405 3612 454 3666 καλ
471 3608 543 3681 πρίμ
512 3615 672 3673 νος-17
691 3607 829 3678 φωνὴν”
820 3626 851 3663 ιιι
873 3607 931 3663 ima
953 3609 1056 3679 pagina
1076 3609 1255 3666 addiditaut

240 3682 342 3737 eadem
357 3683 409 3736 aut
422 3631 568 3736 simillima
581 3697 681 3735 manus
694 3682 794 3750 poma
808 3679 917 3735 diverso
932 3680 1097 3735 atramento’
1108 3680 1149 3772 Η
1167 3681 1253 3736 adno-

242 3753 316 3808 tavit
334 3753 441 3808 Usener
515 3759 548 3808 16
566 3749 650 3846 μάρτι
651 3771 682 3815 ος
700 3750 757 3806 ἀπὸ
781 3760 830 3806 τοῦ
854 3749 951 3819 ἀρεως.
986 3750 1090 3822 μάρτεμ
1112 3723 1225 3842 γάρφοι
1207 3770 1253 3807 οισι

241 3824 292 3880 τόν
310 3823 392 3915 ἀρην
429 3822 577 3880 ἀνάκειται
595 3819 702 3879 οάτυτῶ
726 3821 787 3891 ἀρει
810 3823 839 3878 Υ
926 3827 960 3877 26
978 3820 1163 3895 αἰγόκερων“
1146 3843 1165 3894 η
1182 3823 1253 3893 ἄρεα

240 3895 290 3951 τόν
307 3914 350 3949 πα
331 3916 367 3964 οιρ
368 3893 522 3965 ’ἀρρένων
536 3912 611 3964 -p.
627 3900 670 3964 92,
680 3899 696 3948 3
716 3893 887 3963 μάρνασθαι
925 3893 940 3949 6
958 3893 1077 3966 ἀρηςχ
1077 3897 1194 3966 imm.
1208 3900 1253 3965 92,
