3074 4598
248 462 386 519 LXXXIV
654 460 859 517 PRAEFATIO

247 631 335 694 huius
352 634 499 712 'computi
530 628 753 691 institutionem
779 627 926 689 discerent
952 632 1099 711 homines,
1131 633 1262 694 Arcades

247 722 309 782 iam
322 725 414 800 atque
429 721 583 800 Sicyonios
602 717 693 777 trisse
713 716 904 778 affirmabant
917 723 1030 782 veteres
1046 714 1113 803 (111,
1130 726 1146 783 1
1160 715 1263 806 extr.):

247 811 326 872 unde
348 812 396 888 fit,
424 815 461 870 ut
489 810 526 870 ab
549 806 703 866 Arcadum
730 808 821 881 atque
845 806 1052 883 Sicyoniorum
1075 813 1262 890 aequalibus

245 900 278 960 id
301 902 347 961 est
365 920 383 960 a
400 899 505 976 primis
525 895 704 970 hominibus,
722 893 848 970 incipiat
864 895 941 956 liber
958 899 1075 959 tertius.
1113 899 1132 978 ξ
1149 904 1171 960 2
1191 921 1261 961 vero

246 989 279 1048 in
301 989 430 1049 mediam
457 1005 511 1047 nos
538 985 648 1044 mensis
676 982 879 1043 definitionem
904 985 1009 1062 infert,
1038 1008 1098 1065 qua
1125 988 1263 1050 absoluta

245 1097 300 1154 per
323 1077 537 1155 digressionem
560 1074 695 1151 aliquam
722 1072 758 1132 de
785 1074 894 1131 natura
920 1093 1020 1135 rerum
1043 1074 1076 1155 (ἓ
1095 1075 1128 1157 3)
1152 1080 1262 1139 transit

247 1165 286 1224 ad
305 1165 375 1224 anni
393 1165 572 1226 vocabulum
592 1164 823 1241 computumquc
842 1155 875 1238 (ξ
890 1154 978 1243 Asq.)
998 1167 1078 1242 apud
1096 1167 1262 1246 Aegyptios

248 1253 376 1314 Graecos
399 1254 564 1316 Romanos:
587 1255 694 1313 borum
715 1252 858 1311 novatam
881 1268 945 1310 esse
969 1254 1039 1312 anni
1062 1255 1262 1318 definitionem

247 1362 266 1402 a
288 1343 387 1404 Numa
409 1345 560 1422 Pompilio
584 1345 615 1403 et
638 1341 668 1404 0.
695 1340 819 1402 Caesare
843 1336 876 1418 (ὅ
897 1336 946 1417 6)ε
969 1345 1000 1400 et
1023 1361 1058 1400 ex
1080 1346 1262 1406 accuratiore

247 1432 317 1508 divi,
331 1433 403 1492 Iulii
424 1433 652 1494 institutionum
674 1431 845 1491 narratione
868 1432 1027 1505 supersunt
1049 1450 1093 1507 ea,
1118 1452 1195 1509 quae
1218 1435 1262 1495 di·

248 1524 358 1582 cuntur
380 1522 415 1582 de
438 1524 554 1583 bisexto
578 1513 613 1602 (ἓ
636 1517 676 1599 7),
700 1520 808 1597 quibus
833 1518 989 1578 addiderat
1010 1521 1153 1578 nonnulla
1177 1522 1212 1581 de
1230 1523 1262 1582 vi

246 1610 350 1670 Lunae
373 1630 475 1672 omnes
498 1610 643 1686 temporis
671 1611 755 1668 actus
778 1611 912 1686 regente,
939 1610 1080 1666 naturam
1102 1608 1262 1669 secundum

245 1699 492 1776 pbilosophorum
506 1701 537 1758 et
549 1697 750 1772 mythicorum
764 1696 928 1755 doctrinam
941 1696 1156 1773 interpretatus
1173 1694 1205 1774 (ἓ
1216 1691 1261 1781 8),

211 1827 215 1836 ·
245 1788 323 1847 unde
352 1788 464 1847 transit
493 1786 533 1845 ad
561 1785 651 1845 ferias
680 1785 870 1860 sementivae,
891 1784 1011 1862 vquippe
1041 1803 1119 1862 quae
1149 1789 1262 1847 statum

246 1875 325 1934 diem
342 1878 449 1934 nactae
469 1893 528 1934 non
548 1874 620 1933 sint:
640 1872 831 1950 quamobrem
850 1877 1003 1950 exemptae
1023 1879 1109 1936 erant
1127 1875 1261 1937 aLunae

245 1965 395 2040 potestate
424 1963 513 2023 modo
543 1963 677 2022 laudata.
729 1961 833 2039 quibus
862 1963 1003 2039 expositis
1030 1964 1149 2026 brevem
1177 1967 1260 2026 addit

245 2052 485 2130 disquisitionem
512 2051 548 2111 de
574 2054 685 2110 natura
712 2051 857 2112 seminum
884 2052 1004 2130 septimi
1031 2055 1175 2132 cuiusque
1202 2055 1262 2115 diei

244 2142 307 2201 vim
330 2140 553 2202 observantium
580 2144 611 2200 et
638 2141 674 2199 de
701 2140 801 2201 indole
819 2143 943 2201 vnumeri
971 2144 1132 2220 septenarii
1156 2147 1187 2204 et
1209 2163 1260 2205 no·

244 2231 360 2290 venarii
383 2222 417 2310 (ἓ
443 2221 486 2311 9).

311 2319 438 2378 Dixerat
456 2317 552 2377 adhuc
570 2316 750 2378 Laurentius
769 2318 804 2378 de
821 2337 922 2379 mense
945 2338 1081 2396 annoque
1100 2320 1261 2379 secundum

247 2411 432 2468 astronomos
453 2407 677 2484 astrologosque
696 2406 868 2482 observatis,
888 2409 1045 2467 nunciam
1065 2409 1102 2468 ad
1115 2410 1261 2468 mensium

246 2495 458 2570 definitionem,
481 2498 517 2553 ut
534 2495 579 2553 ita
597 2494 703 2572 dicam,
727 2495 843 2555 civilem
865 2514 895 2555 se
919 2497 1074 2557 convertit.
1118 2516 1260 2576 paragra·

246 2585 323 2661 phus
347 2585 425 2643 enim
454 2583 568 2643 decima
594 2584 690 2644 fusior
718 2587 763 2644 est
789 2585 952 2662 multisque
980 2586 1148 2647 excursibus
1175 2605 1261 2664 prae·

246 2673 323 2749 dita,
353 2692 428 2750 quae
456 2675 558 2731 tamen
582 2672 614 2732 in
641 2672 815 2733 universum
841 2677 977 2750 spectata
1004 2678 1076 2753 agat
1102 2675 1137 2734 de
1165 2675 1259 2736 tribus

246 2763 388 2838 cuiusque
411 2761 521 2820 mensis
540 2761 623 2821 feriis
641 2761 793 2836 Romanis,
816 2761 851 2820 de
874 2762 1017 2822 Kalendis
1034 2764 1129 2823 Nonis
1147 2763 1259 2839 Idibus,

248 2853 279 2910 et
302 2850 337 2909 de
355 2851 473 2910 ratione
492 2850 625 2927 singulos
644 2849 707 2909 dies
726 2870 762 2908 ex
778 2849 824 2908 bis
842 2850 938 2910 tribus
957 2852 1156 2927 computandi
1194 2871 1260 2911 con-

246 2938 373 2999 veniunt
395 2943 498 2999 autem
516 2938 719 2998 Romanorum
736 2936 888 2997 Kalendae
912 2956 980 2998 cum
1000 2939 1180 3000 Graecorum
1199 2962 1260 3000 veo·

247 3026 347 3110 μηνίᾳ,
367 3047 426 3105 qua
439 3049 472 3089 re
486 3028 665 3087 Laurentius
684 3026 841 3103 utitur,'ut
859 3024 879 3103 ἓ
895 3029 934 3086 11
951 3029 1045 3087 multa
1060 3027 1144 3088 nobis
1158 3033 1259 3089 narret

245 3115 397 3175 mirabilia
427 3118 464 3177 de
494 3116 674 3176 animalibus
702 3114 911 3192 lapidibusque
943 3136 1038 3176 norae
1065 3118 1155 3176 lunae
1183 3117 1260 3177 diem

247 3204 473 3280 venerantibus,
501 3204 608 3282 quibus
636 3204 780 3264 absolutis
802 3222 912 3263 novum
935 3205 1101 3282 ingreditur
1121 3206 1180 3264 iter
1202 3207 1260 3266 dis·

246 3296 394 3370 putatque
418 3292 437 3370 5
458 3296 498 3352 12
524 3294 560 3353 de
583 3292 751 3353 substantia
774 3296 804 3352 et
826 3293 1032 3371 magnitudine
1050 3295 1144 3373 ipsius
1162 3297 1258 3354 terrae

248 3382 402 3456 satellitis,
431 3381 510 3441 unde
539 3402 594 3459 per
623 3383 756 3460 singulas
784 3383 873 3442 lunae
903 3381 1007 3459 φάσεις
1034 3384 1073 3442 ad
1099 3382 1260 3461 νεομηνίαν

245 3470 274 3529 h.
306 3489 329 3530 e.
361 3470 513 3530 Kalendas
545 3470 631 3531 redit.
682 3468 701 3547 ἕ
727 3473 767 3530 13
799 3472 867 3548 post
897 3469 1047 3531 Kalendas
1078 3475 1261 3532 mactaverat

246 3558 349 3619 Nonas
382 3578 500 3636 quoque
534 3562 564 3618 et
594 3559 679 3633 Idus,
715 3559 799 3619 ouius
835 3558 1049 3636 disquisitionis
1080 3560 1260 3638 paucissima

247 3651 408 3724 supersunt
430 3647 535 3723 verba3
560 3647 665 3707 deinde
684 3666 715 3707 se
734 3647 881 3707 convertit
899 3648 938 3707 ad
955 3649 1080 3728 triginta
1099 3650 1169 3725 dies,
1194 3651 1258 3727 qui·

244 3735 302 3795 bus
324 3737 433 3906 m(ensis
457 3736 653 3813 componitur,
680 3738 851 3813 tractatque
874 3741 1013 3797 naturam
1035 3738 1149 3797 numeri
1172 3738 1258 3798 trice·

246 3824 324 3884 narii
363 3822 467 3903 514).
