3074 4598
286 509 359 575 ‘160
525 507 634 566 οωκπ
652 508 830 576 QUARTUS.
857 507 1072 566 εωονεοωοο
1180 483 1185 490 ’

249 683 276 738 X
359 675 433 740 126.
456 679 502 762 Ίῇ
516 673 580 756 πρδ
595 672 682 740 ὀκτὼ
697 673 811 740 Εἰδών
824 675 1060 760 Σεπτεμβρίου
1067 669 1221 751 Εὔδοξος
1232 681 1326 737 ΒιΠ
1330 689 1365 738 82

289 781 351 847 τὸν
382 782 486 847 ἵππον
517 781 660 846 δύεσθαι
693 779 750 846 καὶ
776 780 924 868 ,ζέφυρον
956 780 978 865 ή
1011 777 1174 867 ἀργέστην
1205 789 1311 846 πνεῖν

287 898 492 974 σημειοῦται.

359 994 431 1059 127.
450 992 564 1078 Ἵσμεν
590 1001 630 1080 τῇ
658 994 789 1080 κράμβη
812 992 1021 1079 ἐμφυόμενον
1048 994 1201 1076 σκώληκα
1216 992 1308 1077 κάμ-
1326 1008 1360 1057 82

261 1122 356 1185 οπην
383 1099 635 1185 ὀνομαζόμενον.
678 1095 793 1185 οὗτος,
824 1097 1125 1186 άποξηραινομένης
1152 1106 1201 1189 τῷ
1229 1100 1307 1185 ἐαρι

289 1215 348 1291 τῆς
374 1208 536 1293 κράμβης,
568 1209 616 1285 εἰς
645 1208 797 1292 σκώληκα
824 1205 991 1292 πτερωτὸν
1020 1208 1111 1273 ώσδιν
1136 1207 1305 1294 μύρμηκα,

288 1311 345 1378 καί
376 1316 509 1398 μείζονά
539 1337 623 1400 πως,
660 1311 789 1399 πέφωιε
819 1313 1096 1398 μεταβάλλεσθαι,
1126 1313 1306 1400 πτερύγων

288 1423 418 1486 λευκῶν
444 1423 619 1508 τριγώνων
645 1421 836 1505 άνεχουσών
863 1418 980 1502 αὐτόν,
1008 1415 1064 1482 καὶ
1090 1421 1305 1504 περιΐπταται

287 1536 359 1604 τοῖς
380 1530 498 1611 κήποις
519 1528 707 1613 χαμαιζήλςο
730 1523 787 1591 καὶ
809 1525 961 1612 εὐαλώτῳ
981 1533 1021 1610 τῇ
1037 1525 1167 1612 πτήσει·
1188 1526 1305 1609 ήηιχήν

244 1660 274 1702 ιο
288 1631 329 1699 δέ
348 1655 416 1699 που
437 1634 499 1699 τὸν
519 1641 676 1698 τοιοῦτον
692 1632 849 1716 σκώληκα
870 1636 1045 1696 καλεῖσθαι
1067 1632 1253 1714 συμβαίνει

329 1742 332 1747 ’
357 1738 429 1803 128.
453 1729 528 1824 Πρὸ
552 1736 632 1803 δέκα
655 1735 741 1801 ὀκτὼ
762 1737 945 1802 Καλενδῶν
961 1733 1168 1821 Ὀκτωβρίων
1189 1734 1209 1801 ό
1231 1741 1304 1802 Ao-
1323 1756 1360 1806 83

287 1849 404 1921 σίθεος
430 1845 491 1910 τὸν
514 1843 706 1930 ἀρκτοῦρον
735 1842 883 1929 ἀνίσχειν
913 1852 1115 1927 σημειοῦται
1163 1851 1202 1929 τή
1233 1843 1302 1930 πρὸ

286 1949 430 2016 δεκαδύο
444 1951 629 2016 Καλενδῶν
641 1948 849 2046 Ὀκτωβρίων
866 1949 886 2016 ό
903 1952 1033 2037 Καῖσαρ
1051 1951 1110 2028 τὰς
1127 1950 1304 2035 χελιδόνας

286 2055 442 2143 ἐκδημεῖν
464 2057 560 2142 λέγει.

243 2191 273 2233 ιι
356 2164 420 2229 129
421 2213 540 2229 .....
557 2164 776 2249 Νικομήδους
797 2173 857 2230 τοῦ
880 2167 1046 2241 Βιθυνίας
1068 2164 1246 2250 τυράννου.
1321 2183 1360 2233 83

245 2282 273 2336 Y
355 2271 428 2337 130.
439 2270 510 2336 Ὅτι
522 2271 769 2348 πλεονάσαντος
779 2268 842 2356 μὲν
852 2271 960 2356 πυρὸς
972 2270 1112 2357 πυρετὸς
1125 2273 1360 2355 γίνεται,11143

287 2375 492 2463 άφημερινὸς
515 2373 552 2442 δέ
574 2376 687 2464 ἀέρος,
715 2387 859 2463 τριταῖος
884 2373 922 2442 δὲ
948 2375 1083 2460 ὕδατος,
1110 2387 1301 2464 τεταρταῖος

286 2479 325 2549 δέ
338 2495 407 2568 γής.
445 2489 536 2570 φιλεῖ
550 2480 587 2550 δέ
604 2484 735 2550 τούτων
752 2484 991 2569 προκατάρχειν
1005 2485 1042 2549 τὸ
1062 2483 1164 2569 βίγος.
1200 2483 1302 2550 ὁπότ-

286 2614 329 2654 αν
356 2592 421 2676 γὰρ
449 2591 514 2656 ὑπὸ
541 2599 602 2655 τοῦ
629 2599 763 2675 ψυχροῦ
787 2627 828 2637 -
852 2587 964 2673 έπειδή
986 2599 1084 2655 τοῦτο
1108 2592 1198 2656 ίδιον
1217 2591 1302 2656 ὕδα-

244 2723 273 2763 εο
286 2698 342 2772 τός
365 2720 400 2761 τε
422 2695 478 2761 καὶ
501 2706 560 2780 γής
583 2733 624 2743 -
651 2697 691 2760 τὰ
719 2695 873 2781 εἰρημένα
899 2696 985 2781 ὑγρά
1009 2703 1180 2783 παχυνθῇ,
1207 2721 1301 2781 τηνι-

285 2811 391 2866 καῦτα
413 2804 580 2887 φερόμενα
603 2803 661 2866 διδι
683 2812 751 2867 τῶν
773 2801 989 2887 ἀραιωμάτων
1012 2801 1150 2881 ἐξωθεῖν
1171 2799 1233 2889 μὲν
1256 2804 1301 2870 οὔ

287 2907 427 2970 δύναται
463 2909 504 2972 τδι
536 2910 739 2991 πυκνότερα,
775 2907 956 2992 ἐμπεσόντα
992 2905 1030 2974 δέ
1066 2919 1137 2986 ταῖς
1168 2911 1302 2977 τούτων

286 3007 399 3096 ἕδραις
422 3011 569 3078 σύνωσιν
595 3012 652 3078 καλ
674 3017 797 3091 θλίψιν
819 3012 998 3099 ἐργάζεται,
1025 3014 1139 3101 μέχρις
1165 3016 1209 3083 διν
1224 3018 1301 3086 Ιὑπὸ

286 3124 348 3181 τοῦ
368 3118 476 3202 πυρὸς
499 3117 694 3203 ἐπειγόμενα
716 3119 882 3204 τμηθέντα
905 3120 1064 3209 διαχυθῇ,
1093 3124 1172 3209 ὅπερ
1196 3123 1301 3208 ἀναγ-

359 3378 383 3414 v.
400 3366 414 3413 1
433 3360 564 3415 Eudoxus
583 3361 771 3418 Wachsmuth
788 3364 822 3419 de
841 3368 892 3419 ost.
911 3383 938 3436 p.
953 3371 1003 3420 297
1021 3385 1062 3422 m.
1076 3373 1111 3424 19
1190 3374 1222 3423 11
1243 3369 1302 3424 Do-

283 3428 395 3484 ›sitheus
413 3429 483 3486 ibid.
502 3449 542 3486 nr.
558 3436 592 3486 20
666 3439 699 3489 13
718 3434 819 3490 Caesar
836 3435 904 3490 ibid.
923 3454 964 3491 nr.
976 3442 1011 3491 <21

359 3675 384 3710 ν.
400 3658 548 3724 moneas
564 3663 629 3729 post
648 3661 767 3717 δύεσθαι
785 3665 813 3719 Β
887 3665 1013 3736 ’ὅτωσάρ
1016 3689 1025 3723 ι
1043 3669 1071 3723 A
1149 3673 1165 3722 6
1184 3669 1251 3724 ώσελ
1270 3671 1301 3725 Β

287 3726 539 3795 8περιάπαταιλ
611 3729 950 3807 θκόποιςώλτήοιοὶε.
965 3688 1013 3792 Bo
1065 3743 1097 3792 11
1116 3736 1300 3811 δεοίθεοςΑ

285 3747 497 3936 δωσλθεοςῖλχ,
490 3797 646 3868 ,δοσλθεος
664 3802 692 3856 Β
764 3811 797 3860 16
811 3804 858 3862 ότι
875 3807 1080 3876 πλεονάσαντος
1093 3829 1168 3892 -ρ,
1184 3817 1246 3881 161,
1264 3821 1300 3869 15

287 3864 447 3938 ἐγένετοῖ
490 3889 528 3923 τι
534 3871 787 3938 τλεονάσαντος-
799 3878 1073 3948 161,2όνομάζεται
1091 3899 1170 3939 onus
1188 3883 1220 3938 D
