3074 4598
634 515 743 571 LIBER
761 515 916 572 TERTIUS
1232 519 1277 585 45
1380 522 1382 526 “

262 681 317 748 καί
340 679 400 745 νέα
422 680 443 765 ή
466 682 580 766 πρώτη
604 687 666 743 τοῦ
689 679 793 762 μηνὸς
810 681 900 765 παρὰ
912 678 1080 765 Ἀττικοῖς,
1102 678 1160 763 ἕνη
1179 675 1216 746 δέ
1233 681 1254 766 ή
1270 689 1383 749 ῦεᾱιεο.

262 790 442 855 τελευταία.
484 785 664 861 Καλάνδας
680 779 718 848 δὲ
737 783 839 860 αὐτὰς
857 787 890 851 ol
902 784 1036 853 παλαιοί
1049 789 1383 873 προσημόρευ-ΧῩΗΒ

262 912 325 960 σαν
339 891 372 971 ἐξ
388 890 561 978 ἕλληνικής
576 893 747 976 σημασίας,
761 889 827 956 ιἰπὸ
841 902 902 958 τοῦ
919 900 1032 960 καλεῖν
1048 895 1107 961 τὸν
1125 893 1277 981 ἀρχιερέα

261 1001 323 1083 τήν
352 1000 482 1082 βουλήν
509 998 547 1064 ἐν
573 998 613 1084 τῇ
640 995 802 1082 λεγομένη
828 998 991 1087 Καλαβρᾷ
1019 1004 1186 1088 βασιλικῇ,
1220 998 1276 1067 καὶ

262 1108 451 1190 σημαίνειν,
481 1111 547 1170 εἴτε
576 1104 639 1190 χρή
669 1104 752 1169 κατὰ
781 1103 842 1187 τήν
870 1116 1069 1193 πεμπταίαν,
1098 1114 1163 1175 εἶτε
1193 1109 1275 1174 κατὰ
1302 1125 1315 1168 ι

260 1215 322 1298 τήν
345 1213 524 1297 διχότομον
546 1221 604 1298 τῆς
628 1214 768 1296 σελήνης
786 1209 969 1276 ἐπιτελέσαι
981 1213 1043 1295 τήν
1060 1226 1127 1280 τῶν
1143 1219 1275 1282 Νῶνῶν

262 1319 395 1406 ἑορτήν,
427 1317 461 1399 ἐξ
488 1316 528 1405 ής
559 1322 621 1406 τήν
653 1321 859 1404 μεσομηνίαν
895 1316 1084 1404 ἐπετήρουν.
1132 1319 1185 1386 ἐπὶ
1212 1319 1368 1407 μένΧΥΒ

259 1427 323 1512 γὰρ
347 1438 415 1493 τῶν
436 1439 553 1513 μηνῶν
575 1439 644 1494 τῶν
666 1429 716 1492 ἔτι
742 1423 799 1490 καὶ
825 1433 891 1490 νῦν
915 1425 973 1502 τὰς
995 1429 1189 1510 σεληνιακολς
1211 1444 1274 1494 σοι·

260 1535 384 1613 ζόντων
411 1532 527 1622 ἑορτὰς
555 1535 739 1620 πεμπταίας
767 1533 826 1608 τὰς
847 1532 970 1609 Νώνας
997 1530 1164 1618 ἐσήμαινε,
1192 1533 1269 1600 καθ’

260 1639 299 1719 ἃς
321 1639 375 1707 ἐπὶ
397 1651 456 1727 τῆς
479 1639 750 1729 τρισκαιδεκάτης
771 1636 827 1706 καὶ
849 1650 976 1726 μοιρῶν
1002 1662 1118 1725 τινων,
1146 1638 1186 1706 οὐ
1212 1642 1274 1726 τήν
1287 1670 1314 1710 ιο

258 1757 320 1814 τοῦ
350 1750 475 1835 φωτός,
504 1749 589 1815 ἀλλὰ
616 1748 679 1832 τήν
704 1755 765 1813 τοῦ
793 1752 990 1832 σεληνιακοῦ
1017 1749 1164 1834 σώματος
1186 1749 1274 1826 εἰκός

258 1853 327 1920 ἐστι
369 1855 562 1941 συντρέχειν
602 1857 773 1941 μεσότητα.
832 1854 850 1921 ὁ
886 1855 950 1940 γὰρ
985 1866 1053 1921 τῶν
1091 1857 1274 1943 δεκατριῶν
1285 1868 1344 1926 ΧΥ

258 1960 403 2048 ἀριθμὸς
427 1960 628 2045 συνέστηκεν
646 1960 683 2026 ἐκ
700 1971 768 2025 τῶν
784 1963 927 2045 πρώτων
944 1963 1042 2027 δυοῖν
1058 1962 1273 2048 τετραγώνων

259 2076 319 2132 τοῦ
333 2065 478 2151 τέσσαρα
492 2065 547 2131 καί
561 2075 621 2132 τοῦ
637 2064 734 2131 ἐννέα
748 2103 790 2113 -
805 2065 922 2151 ἀρτίου
935 2090 970 2132 τε
987 2065 1042 2132 καὶ
1060 2078 1271 2154 περιττοῦ-

256 2173 402 2258 πλευρὰς
435 2170 580 2256 ἐχόντων
614 2180 676 2238 τοῦ
712 2165 774 2256 μὲν
810 2170 926 2257 ἀρτίου
962 2173 998 2238 τὸ
1030 2174 1147 2240 ὑλικὸν
1182 2159 1310 2253 εἶδοςὶι

257 2278 377 2362 δυάδα,
399 2288 460 2345 τοῦ
484 2276 521 2345 δὲ
542 2285 701 2364 περιττοῦ
724 2278 785 2362 τήν
807 2279 1007 2364 δραστήριον
1030 2278 1122 2344 ίδέαν
1143 2281 1270 2364 τριοίδα.

257 2381 355 2462 οὗτος
385 2380 449 2452 οὖν
478 2386 496 2453 ὁ
524 2384 669 2471 ἀριθμὸς
692 2383 712 2468 ή
740 2388 877 2468 μεγίστη
905 2383 960 2450 καὶ
988 2386 1172 2470 τελειοτάτη
1201 2398 1269 2453 τῶν

258 2489 383 2577 ἑορτῶν
406 2490 523 2575 γέγονε
544 2502 615 2569 τοῖς
642 2488 793 2577 ἀρχαίοις
821 2489 1018 2577 ἐπιτήρησις.
1062 2491 1082 2576 ή
1105 2494 1167 2577 γὰρ
1190 2510 1361 2567 xcv-Hs

255 2598 467 2681 τεκαιδεκάτη
488 2598 577 2683 παρὰ
595 2599 715 2683 μοίρας
732 2595 765 2676 ἐξ
784 2600 907 2683 κυρίως
929 2594 1019 2663 ἐστίν
1035 2597 1056 2683 ή
1074 2604 1267 2684 μεσομηνία.

255 2702 361 2769 αὐτοῦ
378 2705 443 2790 γὰρ
465 2714 528 2770 τοῦ
550 2706 661 2789 φωτός
682 2701 773 2770 ἐστιν
790 2702 811 2788 ή
829 2706 975 2789 μεσότης.
1011 2704 1094 2772 ὅθεν
1111 2704 1165 2772 καὶ
1182 2709 1307 2786 Διὸςιο

255 2811 361 2895 αὐτήν
380 2808 498 2896 ἑορτήν
517 2801 591 2877 οἷον
605 2810 726 2878 Ἡλίου
743 2815 946 2896 νενομίκασι,
969 2809 1014 2878 δι’
1032 2808 1073 2879 οὗ
1092 2814 1268 2900 σύμφαμεν

255 2920 459 3002 φωτιζεσῦαι
482 2919 544 3002 τήν
561 2919 725 3002 Σελήνην.
771 2915 825 2984 ἐπὶ
844 2914 881 2984 δὲ
904 2928 970 2984 τῶν
990 2918 1136 3003 ήλιακῶν
1151 2932 1267 3005 μηνῶν

325 3126 350 3162 v.
366 3114 381 3162 1
401 3109 450 3162 καλ
468 3107 519 3165 νέα
534 3107 760 3165 -2τελευταίυ
784 3109 883 3164 addidi
906 3108 1012 3166 eGeor
1012 3111 1201 3181 giocedreno
1220 3114 1264 3169 ed.

253 3179 342 3233 Bonn.
361 3196 388 3268 ρ.
405 3184 466 3246 296,
481 3196 520 3236 εις
543 3178 586 3235 οτι
608 3178 714 3235 νέα-
732 3179 798 3250 ἔννη
821 3178 854 3235 δὲ
876 3180 895 3250 ή
917 3129 1065 3237 τελευταία.
1101 3181 1264 3265 καλάνδηὴ

254 3267 399 3392 ww
398 3248 437 3374 x&
438 3250 649 3463 ’2253ss02“²11⁸⁸²1'
659 3267 722 3376 ἷέί
726 3251 1184 3461 ιημδιῖἴίοῷίῗὼηίῖίῖὲ
1196 3255 1264 3396 ξῗέ

253 3341 319 3461 zat)
344 3399 397 3462 χρή
423 3393 485 3474 (χρη
488 3392 601 3463 ναιΥ)
628 3391 701 3447 κατὰ
725 3391 812 3462 τήν(
812 3391 891 3449 omis
910 3393 960 3464 M)
986 3391 1134 3464 διχοτόμον
1159 3399 1215 3450 κτλ.
1238 3397 1268 3450 Y

254 3468 270 3517 6
288 3459 399 3519 νόνναι
422 3401 528 3518 sumlia
487 3479 629 3603 gwege
653 3461 762 3518 codices
785 3480 881 3519 omnes
951 3469 968 3519 8
986 3463 1026 3519 ἔτι
1044 3466 1092 3521 καλ
1114 3474 1167 3522 νῦν
1184 3466 1262 3523 omis.

257 3533 311 3590 YS
385 3532 501 3589 9ἐπετέ
500 3539 567 3590 λουν
647 3533 696 3603 ἐσή
678 3533 845 3616 ήμαινουδ,
869 3534 917 3602 ἐσή
898 3534 997 3604 ήμαινε
1015 3535 1047 3592 X
1120 3543 1152 3592 11
1195 3538 1265 3602 ωτδς

253 3605 290 3668 ὡς
308 3604 417 3675 είρηται
434 3603 633 3676 ἀλλαδΙτὴτὴν
651 3605 771 3661 01111111
844 3612 877 3660 12
896 3605 960 3661 δ
930 3627 1034 3677 ηαρ-
1053 3613 1087 3663 18
1105 3558 1218 3679 ἐπιτήρη
1220 3627 1263 3673 σις

253 3676 396 3733 desuntS
476 3682 509 3732 13
528 3684 583 3732 τῶν
601 3675 681 3732 omis.
700 3678 754 3768 ΥΙ
779 3678 858 3732 δυεῖν
875 3677 903 3732 Α
983 3684 1016 3732 16
1035 3629 1218 3749 δραστηρίου
1222 3681 1261 3750 Χ,

253 3746 421 3816 δραστήριον
439 3748 499 3804 ΥΒ
566 3754 600 3803 17
619 3743 683 3821 οὖν]
701 3746 754 3819 γὰρ
768 3748 836 3804 DE
904 3753 937 3803 18
956 3748 1136 3817 ἑορταστικῶν
1151 3755 1261 3808 ῦυσιῶν

257 3818 291 3912 Υ,
306 3817 409 3887 ἑορτῶν
423 3820 456 3874 Χ
469 3823 474 3891 Ι
489 3820 538 3876 καὶ
552 3818 648 3901 μὰρθ
702 3825 736 3873 19
753 3818 832 3888 παρὰ
845 3817 984 3889 μοίραςὲξ
997 3821 1075 3876 omis.
1094 3821 1124 3876 Y
1168 3827 1201 3877 21
1217 3821 1257 3878 δι’

252 3885 334 3945 ου-
350 3896 385 3944 22
402 3892 533 3962 Σελήνην
551 3889 629 3946 omis.
649 3889 672 3946 S
741 3895 774 3946 22
793 3900 889 3962 μηνῶν
907 3890 983 3946 omis.
1002 3891 1034 3946 Χ
1041 3893 1071 3948 Υ
