3074 4598
182 453 185 459 ’
314 476 377 542 138
591 471 700 528 ιιοοο
718 470 896 539 QUARTUS.
922 471 1046 528 mmus

271 649 297 704 X
378 637 430 704 90.
458 639 502 705 Τὸ
517 637 650 720 Σάγκος
668 636 776 722 ὄνομα
794 637 940 725 οὐρανὸν
953 637 1103 723 σημαίνει
1119 643 1160 721 τῇ
1175 639 1388 704 Σα-ΒτΝσε

311 749 418 833 βίνων
436 746 580 830 γλάσση.

276 863 294 918 S
377 854 428 919 91.
457 850 529 917 Ὅτι
557 850 589 915 ol
617 848 765 935 Ἑβραῖοι
799 851 860 918 οὐκ
891 854 960 940 εἰκῇ
989 848 1164 937 ἀπέχονται
1191 853 1329 931 λαγωοῦ

244 969 295 1026 XS
308 957 366 1026 καὶ
377 964 554 1046 στρουθοῦ
569 958 695 1041 Λίβυος
712 953 770 1023 καὶ
788 959 984 1045 χαραδριοῦ·
1003 958 1021 1025 6
1040 953 1099 1044 μέν
1118 956 1181 1041 γάρ
1196 956 1327 1038 λαγωὸς
1347 973 1383 1022 58

278 1076 296 1132 S
312 1067 419 1153 όίρρην
441 1066 565 1130 τίκτειν
584 1061 711 1150 πέφυκε
729 1065 917 1151 τεραστίους,
940 1063 958 1130 6
978 1061 1016 1130 δέ
1034 1067 1139 1149 Λίβυς
1157 1062 1326 1149 στρουθὸς

284 1167 392 1240 οούδὲ
415 1171 583 1257 στρουθὸς
605 1167 684 1238 οὐδὲ
706 1171 912 1258 τετράποδον
934 1167 1014 1236 οὐδὲ
1035 1173 1160 1254 πτηνόν
1182 1169 1252 1236 ἐστι
1273 1167 1326 1236 τέ-

311 1282 416 1343 λειον·
440 1275 551 1356 οὐδεὶς
574 1274 612 1343 δὲ
633 1277 820 1365 χαραδριὸν
843 1276 959 1363 φαγὼν
982 1275 1044 1342 οὐκ
1065 1275 1258 1362 ἐπένθησεν.

270 1395 296 1451 X
378 1384 430 1450 92.
458 1385 610 1473 Λαρινὸν
629 1386 666 1451 τὸ
689 1385 845 1470 λιπαρόν,
867 1381 900 1462 ἐξ
923 1377 963 1448 οὗ
980 1379 1035 1448 καὶ
1054 1383 1183 1469 λάρδος.
1227 1385 1324 1452 ἄλλοι
1343 1401 1379 1450 58

310 1488 348 1558 δὲ
370 1493 478 1570 άλλως
500 1494 592 1577 φασί.

270 1625 296 1666 1⁰
377 1598 428 1663 93.
454 1595 644 1683 Θυγατέρας
656 1595 820 1681 Ἀνάγκης
837 1597 895 1672 τάς
912 1596 1045 1682 Μοίρας
1061 1598 1153 1681 φασί,
1177 1597 1324 1681 Λάχεσιν
1342 1613 1378 1662 58

309 1727 344 1770 τε
376 1701 431 1769 καὶ
460 1703 595 1770 Κλωθώ
624 1699 700 1785 <καί
725 1700 904 1788 Ἄτροπον·
934 1699 989 1766 καὶ
1018 1701 1163 1787 Λάχεσιν
1191 1698 1252 1789 μέν
1280 1705 1323 1770 τὰ

308 1812 524 1896 παρελθόντα
546 1810 696 1892 διοικεῖν,
719 1807 877 1892 mamb>
899 1804 936 1873 δέ
957 1810 999 1875 τὰ
1020 1807 1190 1894 ἐνεστῶτα,
1205 1807 1323 1896 ’Ἀτρο-Δ

308 1935 375 1983 πον
397 1911 435 1981 δὲ
456 1916 496 1980 τά
519 1912 689 2000 μέλλοντα.

377 2020 428 2086 94.
456 2024 502 2108 Ίη
515 2020 581 2108 πρὸ
594 2017 692 2085 πέντε
706 2019 823 2086 Είδῶν
835 2016 986 2086 Ἰουνίαν
1004 2019 1099 2108 ἑορτὴ
1111 2030 1169 2107 τῆς
1182 2020 1320 2102 Ἑστίας.
1340 2041 1376 2090 συ

270 2155 296 2196 ιο
311 2126 349 2194 ἕν
364 2127 465 2215 ταότη
484 2136 524 2214 τῇ
543 2123 648 2215 ἡμέρα
661 2123 827 2213 ἑώρταζον
845 2127 878 2193 οἱ
891 2124 1061 2213 όρτοποιοὶ
1075 2130 1131 2194 διά
1143 2129 1225 2216 <τὸ>
1242 2133 1323 2209 τοὺς

309 2235 468 2322 ἀρχαίους
489 2234 550 2301 τὸν
578 2234 680 2318 άρτον
709 2232 746 2299 έν
773 2243 845 2311 τοῖς
872 2233 972 2320 ίεροίς
995 2243 1054 2319 τῆς
1070 2232 1199 2312 Ἑστίας
1223 2259 1322 2302 κατα-

309 2342 492 2421 σκευάζειν·
524 2342 599 2407 όνοι
629 2336 667 2406 δὲ
694 2338 958 2425 ἐστεφανωμένοι
985 2340 1128 2424 ἡγοῦντο
1155 2349 1213 2425 τῆς
1237 2362 1323 2427 πομ-

275 2458 387 2533 ὃπῆς,
418 2447 534 2514 διὰτὸ
558 2447 688 2524 τούτοις
711 2446 869 2512 άλεῖσθαι
895 2447 953 2514 τὸν
976 2456 1078 2513 σῖτον.
1122 2448 1173 2514 ότι
1200 2449 1233 2514 οἱ
1258 2445 1323 2534 μέν

309 2552 446 2639 φυσικοὶ
468 2554 532 2638 τὴν
550 2553 683 2619 Ἑστίαν
705 2553 888 2638 βούλονται
909 2553 970 2637 τὴν
992 2563 1056 2638 γῆν
1073 2548 1158 2620 εἶναι
1177 2553 1240 2619 ἀπὸ
1259 2563 1322 2621 τοῦ

268 2689 295 2729 20
310 2659 458 2745 ἑστάναι,
486 2660 519 2725 ol
542 2657 579 2725 δὲ
606 2662 765 2742 θεολόγοι
793 2660 918 2742 ταύτην
944 2654 1029 2725 εἶναι
1055 2662 1232 2745 βούλονται
1258 2661 1322 2745 τὴν

309 2766 492 2851 λεγομένην
523 2767 690 2849 όντότητα.
740 2761 797 2829 καὶ
825 2764 948 2850 μάρτυς
975 2765 994 2830 6
1022 2764 1059 2830 έν
1084 2775 1130 2854 τῷ
1155 2767 1321 2854 Κρατύλῳ

309 2873 504 2958 Σωκράτης,
537 2869 643 2953 λέγων
665 2869 801 2934 Ἑστίαν
833 2863 917 2936 εἶναι
943 2871 1005 2953 τὴν
1030 2874 1173 2955 πηγαίαν
1200 2872 1321 2938 οὐσίαν

308 2976 364 3044 καὶ
386 2987 467 3043 πᾶσι
489 2985 551 3042 τοῦ
574 2971 661 3041 εἶναι
684 2976 806 3058 αἰτίαν,
832 2974 1012 3061 ἱδρυμένην
1035 2976 1072 3042 έν
1093 2985 1138 3066 τῷ
1160 2981 1272 3064 πατρί·
1300 2979 1319 3046 ὁ
1377 3024 1380 3029 .

310 3081 348 3150 δὲ
366 3083 565 3168 Πορφόριος
587 3083 666 3165 μετὰ
689 3082 751 3164 τὴν
773 3080 898 3164 νοητὴν
912 3080 1045 3147 Ἑστίαν
1066 3084 1139 3166 ἦτοι
1161 3083 1321 3168 όντότητα

268 3216 295 3259 ιε
308 3191 463 3275 βούλεται
485 3186 541 3253 καὶ
564 3189 626 3271 τὴν
647 3189 775 3273 ἔφορον
796 3196 855 3271 τῆς
879 3197 938 3271 γῆς
960 3225 1002 3235 -
1025 3191 1132 3273 χθόνα
1154 3186 1192 3256 δὲ
1214 3189 1320 3276 αὐτὴν

380 3365 404 3400 v.
419 3351 451 3399 21
473 3343 506 3400 ef.
527 3344 609 3399 Plato
627 3342 732 3413 Cmtyl.
751 3362 778 3414 p.
794 3342 877 3398 4010

380 3493 434 3541 v,1
454 3486 556 3557 σάγγος
574 3485 602 3539 Β
624 3487 629 3555 l
651 3485 782 3552 οὐρανῶν
801 3485 829 3539 Β
916 3491 934 3539 4
952 3488 1094 3611 χαραδχοῦ
1112 3485 1144 3555 S,
1163 3487 1319 3556 χαραδριοῦ

310 3557 409 3628 scripsi
425 3560 429 3626 Ι
445 3556 460 3612 6
479 3558 569 3627 λαγὼς
583 3558 685 3627 (λαγῶς
702 3555 738 3624 Α,
762 3552 845 3626 λόγος
862 3555 900 3626 Β)
921 3555 1010 3626 άρρην
1027 3577 1043 3610 τ
1055 3576 1127 3612 κτον
1148 3555 1255 3628 πέφυκε
1272 3577 1319 3614 τε·

308 3626 433 3696 ραστίας.
466 3630 518 3682 net.
548 3627 604 3681 dee.
633 3627 664 3681 X
772 3631 788 3678 7
812 3627 953 3696 χαραδρὸν
979 3627 1012 3696 S,
1039 3627 1191 3698 χαραδριὸν
1217 3627 1320 3699 scripsi

309 3705 342 3753 11
362 3698 493 3752 lacunam
516 3696 638 3767 explevit
659 3697 703 3752 Ην
814 3703 847 3750 15
866 3696 938 3769 <τὸ>
961 3698 1144 3768 supplendum
1167 3702 1261 3754 censet
1284 3699 1319 3757 G.

308 3767 448 3823 Wissowa
525 3774 557 3822 17
576 3766 677 3838 ἤγοντο
696 3768 739 3837 Χ,
764 3767 884 3837 ἡγοῦντο
907 3767 940 3822 οἰ.
959 3768 1003 3823 Rr
1077 3773 1110 3823 18
1129 3769 1189 3843 τόν]
1211 3771 1242 3826 τὸ
1261 3771 1290 3826 Β
1312 3772 1318 3846 Ι

309 3848 394 3895 σῖτον.
423 3842 475 3896 cet.
495 3838 553 3893 des.
573 3839 604 3893 X
618 3839 623 3912 Ι
639 3836 681 3893 δτι
700 3839 728 3894 ολ
747 3836 887 3909 μὲν-μ.
902 3844 962 3908 189,
978 3844 993 3891 7
1011 3838 1062 3909 τὴν
1079 3840 1172 3911 γηνδ
